5182 6666
1152 754 1179 820 V

292 946 418 1012 Olivam
441 945 537 1028 igitur
559 943 716 1025 Vergilius
737 941 814 1007 dicit
842 961 969 1008 ramum
998 943 1049 1007 vel
1079 943 1231 1009 baculum
1253 943 1360 1025 potius
1388 942 1580 1024 oleaginum.
1623 943 1828 1009 Nihilosetius
1849 945 1966 1011 olivam
1990 947 2040 1012 in-

293 1047 393 1113 dicari
414 1046 517 1128 ipsam
540 1062 651 1108 reeens
672 1041 860 1124 persistitur,
882 1061 990 1106 errore
1011 1047 1120 1107 lamen
1143 1043 1320 1108 manifesto.
1364 1041 1527 1120 Quidnam
1551 1042 1594 1108 ad
1611 1043 1782 1126 Vergilium
1805 1065 1915 1111 versus
1932 1046 2038 1112 Theo·

259 1141 263 1150 ’
293 1147 410 1211 criteus
432 1143 484 1226 (111
506 1144 558 1220 38)
589 1161 685 1225 quem
715 1142 837 1206 instant
858 1142 1004 1222 ασεῦμαι
1027 1143 1103 1205 ποτ)
1127 1144 1191 1206 ταν
1221 1147 1320 1205 αι’τνν
1341 1129 1398 1203 siu
1419 1141 1659 1216 dnoxirudeir?
1700 1143 1762 1223 Qui
1782 1149 1909 1211 tantum
1931 1146 2037 1225 distat,

291 1247 327 1310 ut
349 1243 452 1324 magis
473 1261 539 1314 non
561 1241 669 1324 possit,
690 1260 729 1306 ac
750 1241 824 1306 iecit
845 1259 1016 1324 perperam
1038 1243 1093 1324 qui
1116 1261 1136 1307 a
1155 1243 1239 1308 male
1258 1241 1418 1306 intellecta
1439 1241 1596 1308 sententia
1612 1243 1793 1325 Vergiliana
1814 1246 2036 1311 dissolvendae

291 1342 390 1408 totius
417 1341 568 1408 cunninis
595 1340 760 1424 compagis
788 1359 919 1406 causam
949 1345 981 1405 et
1010 1342 1167 1408 rationem
1200 1341 1401 1426 repeteret0).
1454 1341 1498 1406 Ul
1527 1361 1603 1407 vero
1630 1342 1800 1425 Vergilius,
1835 1346 1878 1412 ita
1908 1346 2039 1411 omnino

292 1441 439 1508 solebant
460 1445 598 1518 veteres,
620 1441 723 1505 solent
744 1439 900 1504 hodierni.
941 1438 1125 1506 ‘Fraxinum
1147 1439 1319 1507 Peliacam’
1340 1437 1507 1521 (Πηλιάδα
1527 1441 1670 1524 μελίην),
1700 1443 1827 1509 hastam
1851 1445 2037 1524 fraxineam,

291 1541 431 1608 Achilles
453 1539 616 1623 gestabat,
645 1537 811 1604 ‘cerasum’
832 1539 1012 1621 (κράνειαν)
1035 1559 1108 1606 cum
1125 1541 1184 1606 alii
1206 1545 1275 1605 tum
1299 1539 1527 1605 Echecratidas
1549 1541 1639 1606 miles
1662 1541 1837 1620 Cretensis
1862 1545 1912 1609 cui
1934 1547 2040 1628 Anyto

293 1641 417 1724 poetria
438 1642 639 1722 epigramma
660 1639 787 1721 scripsit
810 1639 936 1704 hastam
959 1639 1120 1704 Minervae
1141 1637 1304 1704 dedicanti
1315 1639 1370 1722 ¹⁰):

680 1750 803 1814 ἕσταθι
823 1751 927 1830 τᾶνδε,
949 1750 1083 1832 κράνεια
1104 1749 1308 1831 pipernensium,
1330 1741 1407 1831 μηδ’
1430 1751 1477 1812 ἔτι
1494 1749 1615 1832 λυγρόν

759 1849 897 1930 χάλκεον·
916 1850 1001 1934 ἄμφ’
1025 1848 1127 1930 ὅννχα
1149 1848 1248 1928 στοὲζε
1271 1849 1374 1932 φονον
1395 1849 1516 1912 δαΐων·

678 1949 748 2013 ἀλλ’
773 1949 839 2012 a'vd
862 1949 1052 2030 μαρμάρεον
1073 1949 1179 2031 δόμον
1199 1949 1304 2035 ἡμένα
1326 1949 1429 2014 alnis
1445 1949 1585 2024 Ἀθάνας

760 2045 884 2129 ἄγγελλ’
903 2049 1043 2128 α’νορόαν
1065 2052 1188 2132 Κρητός
1210 2051 1427 2130 Ἐχεκρατίδα.

292 2167 380 2234 Idem
403 2170 629 2250 argumentum
651 2167 775 2244 eodem·
787 2166 852 2231 iere
867 2165 964 2230 modo
979 2163 1086 2230 Nicias
1100 2165 1238 2230 Milesius
1259 2166 1410 2230 tractavit
1433 2186 1470 2231 ac
1485 2185 1525 2230 ne
1547 2165 1741 2249 alloquenda
1759 2167 1889 2250 quidem
1910 2168 2041 2234 ‘ceraso’

291 2266 402 2349 (θοῦρι
422 2255 567 2350 siduno)
590 2265 745 2332 abstinuit
763 2270 795 2330 et
814 2265 915 2330 multo
937 2268 1013 2330 ante
1033 2265 1099 2328 iam
1121 2264 1300 2329 Simonides
1312 2263 1349 2346 ¹¹)

679 2371 763 2440 οὕτω
784 2399 842 2454 τοι,
864 2376 961 2457 μελιά
982 2375 1100 2456 carad,
1123 2377 1200 2440 nori
1222 2381 1315 2440 κίονα
1332 2375 1458 2457 μακρόν

759 2463 833 2562 ἧσο,
856 2481 1074 2558 Παναμφαιόνι
1095 2477 1175 2559 Ζηνὶ
1197 2477 1330 2558 μένουσ
1354 2474 1441 2557 ἱερά·
1482 2519 1485 2526 -

635 2649 640 2655 ,
680 2572 742 2659 ἤδη
763 2577 823 2656 γάρ
844 2573 961 2654 χαλκός
982 2598 1016 2637 τε
1040 2583 1138 2656 γέρων
1161 2575 1247 2641 αὐτά
1269 2600 1304 2638 τε
1328 2584 1481 2657 τέτρνσαι

761 2675 869 2738 πνκνά
892 2676 1131 2757 κραδαινομένα
1153 2675 1247 2739 deiru
1269 2677 1305 2739 ἐν
1327 2675 1471 2755 πολέμιοι

290 2795 327 2856 ut
347 2794 457 2872 patent
478 2791 643 2872 vulgatam
663 2791 693 2856 in
716 2791 778 2857 hoc
800 2793 1031 2874 genereVuisse
1048 2794 1146 2858 totius
1159 2813 1218 2877 pro
1234 2798 1329 2876 parte
1341 2791 1607 2874 significationem
1620 2791 1656 2873 ι1)
1677 2811 1736 2856 nee
1751 2811 1845 2875 posse
1863 2791 1927 2856 ullo
1944 2797 2040 2876 pacto

293 2887 579 2972 (quemadmodum
603 2891 628 2956 is
650 2891 740 2970 iecit,
771 2891 826 2974 qui
857 2893 889 2956 in
918 2891 1153 2973 epigrammata
1176 2891 1299 2956 Graeca
1320 2891 1433 2956 infelici
1455 2891 1633 2955 eruditione
1654 2910 1758 2972 nuper
1780 2891 1959 2974 inquisivit,
1991 2894 2040 2958 vir

291 2990 476 3072 perdoctus)
509 2990 669 3055 licentiam
700 2989 1013 3074 culparipoeticam.
1067 2991 1170 3056 Pinus
1200 2991 1352 3056 dicuutur
1384 2989 1526 3072 liquidus
1557 2989 1699 3074 Neptuni
1724 2985 1818 3071 nasse
1844 3013 1906 3076 per
1934 2993 2040 3058 uudus

290 3089 447 3154 Phocidos
469 3089 648 3167 adductus
671 3089 815 3156 Catullus
836 3109 895 3174 pro
917 3091 1054 3180 navibus
1076 3091 1177 3173 pineis
1198 3091 1230 3155 in
1253 3089 1385 3174 Epyllio.
1427 3091 1544 3172 Figura
1565 3092 1709 3156 omnium
1732 3091 1906 3157 notissima.

390 3205 539 3284 Clavem,
561 3206 713 3272 baculum
737 3206 768 3270 in
791 3207 902 3272 clavae
922 3205 1164 3272 crassitudinem
1187 3205 1315 3271 inferius
1338 3206 1526 3284 formatum,
1550 3206 1693 3273 Philetae
1714 3207 1941 3292 Theocritique
1963 3209 2038 3274 socii

291 3304 474 3371 habebant:
499 3305 611 3386 ῥοικοὶν
633 3305 662 3367 δ’
684 3307 757 3386 ἔχεν
779 3305 948 3386 ἀγριελαίου
964 3307 1126 3386 δεξιτεροῖο
1147 3305 1287 3388 κορύναν
1301 3306 1437 3390 Lycidas
1457 3307 1490 3371 in
1504 3307 1679 3389 'Thalysiis'
1704 3306 1772 3390 (Vll
1799 3307 1918 3393 18sq.)‚
1940 3329 2039 3393 quam

291 3406 343 3471 ille
366 3407 517 3472 daturum
539 3405 733 3471 Simichidae
761 3405 912 3470 victoriae
939 3406 1156 3488 reportandae
1184 3407 1364 3489 praemium
1392 3407 1550 3489 promittit
1580 3405 1632 3488 (43
1653 3405 1792 3487 κορύναν
1822 3405 2039 3490 δαρύειομαι)

292 3511 324 3571 et
347 3506 447 3570 donat
469 3505 565 3570 eiiam
588 3505 761 3570 certamine
780 3509 910 3588 patrato
932 3505 1005 3588 (128
1028 3501 1047 3569 ii
1068 3505 1108 3567 δέ
1125 3528 1179 3584 μοι
1197 3507 1235 3568 nd
1257 3505 1443 3586 λαγωβόλον
1539 3508 1573 3568 εἰι
1589 3509 1725 3571 Μοισᾶν
1746 3506 1884 3591 ξεινήιον
1903 3501 2039 3572 ὤπασεν

292 3597 408 3688 εἶμεν).
451 3604 602 3670 Similiter
622 3610 733 3687 pastor
758 3605 957 3686 Vergilianus
979 3604 1047 3670 Eri.
1071 3606 1097 3668 V
1119 3607 1159 3670 88
1176 3625 1245 3688 sqq.
1267 3605 1386 3688 pedum
1409 3607 1576 3690 proposuit
1595 3605 1769 3690 forulorum
1787 3607 1924 3687 paribus
1947 3607 2040 3672 nodis

293 3711 385 3792 utque
403 3725 484 3770 aere.
528 3703 652 3782 Quibus
669 3706 834 3788 perpensis
850 3705 889 3770 de
904 3705 1067 3788 poematio
1082 3705 1227 3770 Philetae
1244 3705 1335 3770 facile
1350 3705 1525 3770 constabit:
1549 3706 1700 3770 baculum
1718 3706 1769 3772 ille
1788 3706 1844 3771 dat
1861 3706 2039 3771 fraxineum

399 3939 424 4004 9)
446 3935 478 3990 ln
497 3938 590 3990 Museo
609 3937 729 3992 rhenano
748 3935 848 3992 XLVII
867 3955 893 4008 p.
912 3936 964 3992 593
981 3952 1039 4006 sqq.
1058 3934 1174 4006 Vergilii
1190 3929 1323 4006 ‘Nelogns'
1346 3935 1425 3992 docte
1449 3941 1478 3992 et
1501 3936 1636 4008 sagaciter
1652 3936 1699 3993 sed
1717 3935 1890 3992 turbulenter
1907 3939 2041 3992 tractatas

295 4041 352 4080 esse
375 4027 404 4080 et
429 4023 474 4076 vix
493 4021 600 4077 adiutas
618 4038 785 4094 magnopere
809 4022 940 4078 dolemus.
978 4021 1010 4076 in
1034 4022 1125 4093 prime
1149 4039 1220 4092 quae
1245 4025 1405 4078 numeratur
1435 4041 1490 4078 non
1515 4023 1671 4094 argumenti
1697 4023 1743 4078 sed
1771 4039 1902 4094 personae
1929 4021 2040 4092 (Tityri)

294 4109 386 4164 unitas
404 4108 496 4164 delicit
512 4107 722 4178 quodammodo,
740 4126 802 4163 cum
821 4109 910 4165 iudice
928 4110 970 4164 vel
988 4107 1135 4164 scholiasta
1151 4111 1201 4162 sub
1218 4126 1335 4178 μινοοιιο
1360 4109 1449 4178 Tityri
1473 4111 1621 4177 Vergilium
1638 4111 1778 4164 debeamus
1797 4111 1960 4178 iuteilepere,
1986 4126 2041 4162 αοα

295 4205 382 4251 iosus
401 4199 506 4266 ubique.
548 4195 637 4250 Poscit
661 4211 768 4251 severus
793 4196 944 4267 Vergilium
966 4195 1100 4265 interpres
1125 4211 1195 4264 quse
1219 4198 1301 4266 poete
1325 4199 1465 4267 praestare
1489 4196 1631 4251 recusavit.
1678 4195 1780 4252 Ceteris
1805 4195 2041 4267 interpretationis

296 4283 432 4340 erroribus
451 4283 495 4354 (45
514 4282 561 4350 el.)
586 4281 764 4338 emendandis
789 4283 833 4338 vix
857 4283 977 4354 pretium
999 4299 1098 4353 operae
1117 4281 1171 4337 erit
1195 4282 1336 4353 occupari:
1361 4285 1420 4338 tam
1444 4285 1509 4338 suut
1520 4282 1630 4352 aperti!
1667 4283 1757 4338 Unum
1776 4286 1804 4338 et
1822 4281 1938 4354 simplex
1956 4281 2041 4338 etiam

294 4385 398 4425 nouum
416 4385 527 4424 carmen
544 4367 674 4438 dicimus,
698 4369 748 4424 etsi
768 4387 823 4425 non
841 4369 923 4426 modo
941 4369 1092 4435 Menalcas,
1119 4368 1166 4425 sed
1190 4368 1274 4424 etiam
1293 4369 1443 4426 Meliboeus
1467 4369 1573 4426 habent
1589 4387 1659 4440 quae
1684 4369 1768 4441 ipsius
1788 4369 1901 4442 Vergilii
1919 4369 2040 4441 legentes

295 4455 470 4512 admoneant.
509 4455 628 4511 Octevae
646 4455 764 4524 denique
782 4457 892 4526 eclogae
910 4456 996 4510 virtus
1014 4473 1048 4512 ea
1065 4455 1264 4511 contrariorum
1284 4459 1326 4526 (ut
1343 4455 1385 4511 ita
1402 4456 1502 4525 dicam)
1523 4455 1677 4512 intentione
1694 4455 1866 4520 continetur.
1892 4473 1976 4526 quam
1993 4455 2040 4510 ille

295 4543 435 4612 vituperat
453 4557 574 4610 morose,
599 4546 630 4596 ut
648 4541 721 4612 apud
740 4541 879 4597 Catullum
898 4547 938 4598 est
955 4547 984 4598 et
1003 4543 1185 4614 Propertium.

398 4628 440 4696 10)
459 4630 512 4682 ΑΡ
524 4627 563 4682 Vl
582 4628 632 4682 123
653 4627 788 4695 (Meinelre
807 4631 929 4684 Deiectus
948 4648 974 4701 p.
993 4631 1028 4700 9).

396 4715 438 4782 11)
457 4715 511 4768 ΑΡ
522 4713 561 4768 VI
579 4715 621 4768 52.
665 4713 772 4770 Norden
789 4715 942 4772 dedicantis
960 4717 1025 4772 olim
1045 4721 1125 4774 extra
1141 4737 1233 4776 versus
1252 4719 1333 4776 nise
1357 4719 1526 4791 adscriptum
1545 4719 1677 4791 Berglrius
1695 4720 1765 4774 vidit
1787 4722 1864 4774 FLG
1880 4719 1920 4774 Ill
1938 4738 1965 4790 p.
1980 4720 2040 4774 495.

293 4801 406 4858 Prorsus
425 4799 505 4856 aliter
523 4800 707 4858 Reitzenstein
726 4819 752 4872 p.
773 4801 831 4856 124.

396 4887 440 4956 12)
458 4885 589 4942 Similiter
606 4886 719 4958 ponitur
736 4905 786 4958 pro
804 4891 884 4959 parte
902 4892 992 4944 totum
1012 4889 1045 4944 ir.
1061 4890 1079 4942 4
1097 4889 1234 4946 Philetce:

725 4972 879 5047 γηρύσαιτο
899 4974 929 5030 di
947 4971 1044 5048 νεβρὸς
1062 4971 1118 5029 dni
1139 4972 1234 5049 ψυχὴν
1252 4972 1367 5031 ὀλέσασα

524 5101 526 5106 .
795 5058 1010 5133 diriperentur
1030 5059 1124 5134 τιν’μμα
1144 5060 1332 5135 φυλαξαμένη.

296 5143 365 5200 Cum
383 5145 506 5202 Philetas
524 5146 598 5203 netis
614 5146 729 5217 physica
746 5147 895 5226 elegiarum
913 5147 1085 5218 aliorumque
1104 5147 1258 5203 carminum
1276 5153 1439 5220 argumento
1464 5151 1581 5207 inserere
1599 5155 1705 5208 amaret
1725 5181 1759 5192 -
1776 5169 1830 5223 quo
1849 5152 1883 5209 de
1901 5167 1994 5208 amore
2012 5150 2040 5206 in

298 5235 512 5374 Orpiheossnoetro
530 5232 650 5288 diximus
667 5251 694 5304 p.
708 5233 759 5288 295
775 5265 811 5273 -
828 5234 863 5290 ds
879 5238 1006 5305 poemate
1023 5235 1148 5291 divinare
1164 5252 1219 5290 non
1237 5235 1363 5303 debebat,
1382 5253 1452 5306 quae
1470 5236 1614 5303 divinarit,
1635 5237 1816 5294 Reitzenstein
1830 5255 1857 5308 p.
1870 5239 1927 5293 119.
1965 5237 2039 5293 Eius·

296 5335 342 5373 mo
362 5318 371 5372 i
389 5319 399 5373 i
421 5335 436 5375 e
455 5323 590 5375 sexcenta.
