5182 6666
1410 779 1451 845 lv

946 961 971 1024 τί
992 962 1118 1042 σῦριγξ,
1138 963 1174 1022 τί
1192 982 1241 1024 τοι
1262 947 1326 1022 τόδε
1348 960 1425 1039 παρ’
1445 959 1666 1042 Ἂφρογίνειαν
1687 947 1846 1032 όρονσας,·

1030 1059 1118 1122 τίπτ’
1139 1059 1210 1124 α’πό
1235 1065 1406 1140 ποιμενιόι·
1428 1060 1549 1140 χείλεος
1571 1046 1636 1120 τόδε
1659 1053 1780 1136 πάρει,

948 1157 987 1226 οὕ
1008 1183 1057 1223 τοι
1080 1163 1205 1240 πριόνες
1226 1159 1278 1224 ta*
1300 1149 1358 1224 τόδ’
1380 1157 1447 1226 οὔτ’
1468 1155 1586 1241 ἄγκεα,
1606 1156 1720 1221 πάντα
1741 1156 1772 1219 d'
1785 1153 1923 1237 Ἔρωτες

753 1335 755 1339 Α
1030 1261 1084 1322 καὶ
1106 1259 1237 1335 Πόθος·
1261 1261 1284 1324 α“
1304 1261 1334 1324 δ’
1355 1263 1452 1344 α’γρία
1474 1258 1586 1324 Μοῦσ’
1609 1261 1645 1322 ἐν
1666 1253 1732 1338 όρει
1754 1265 1893 1338 νέμεται.

560 1381 659 1446 Cuius
680 1379 788 1444 fistula
810 1376 904 1442 fuerit
923 1374 1095 1458 pastoricia
1117 1373 1232 1438 Veneri
1259 1373 1382 1453 dicata,
1413 1375 1509 1442 hodie
1532 1376 1715 1458 ignoratum
1745 1373 1944 1440 Mnasalcam
1967 1374 2168 1442 instrumenti
2198 1377 2311 1443 musici

561 1497 776 1562 possessorem
806 1475 997 1542 novissimus
1023 1474 1091 1538 sine
1117 1473 1183 1538 ulla
1210 1473 1336 1539 ratione
1363 1475 1465 1540 voluit
1491 1475 1648 1558 interpres
1658 1473 1693 1554 ⁶).
1745 1474 1846 1539 Porro
1877 1473 1965 1558 quod
1993 1477 2124 1543 subesse
2152 1478 2237 1544 idem
2260 1478 2312 1544 ille

560 1579 715 1644 odoratus
739 1579 786 1641 est
807 1578 1016 1658 praeceptum
1039 1573 1202 1656 poeticum
1234 1571 1285 1638 ‘ne
1306 1573 1378 1656 quis
1399 1575 1431 1638 in
1452 1575 1540 1657 poesi
1563 1571 1745 1639 aberrando
1766 1574 1938 1652 titubaret,
1971 1575 2104 1642 anobis
2125 1577 2158 1641 id
2179 1577 2311 1660 quidem

561 1679 678 1742 frustra
707 1675 887 1758 quaesitum
918 1677 975 1739 est.
1019 1674 1180 1754 Seqmtur
1209 1673 1345 1737 alterurn
1374 1673 1571 1755 depravatae
1598 1665 1870 1756 interpretationis
1892 1675 2083 1758 exemplum.
2126 1677 2311 1743 Praefixum

561 1779 716 1860 antiquae
736 1775 998 1840 Theocriteorum
1022 1774 1202 1839 carminum
1224 1772 1363 1854 syllogae
1385 1773 1461 1838 olim
1483 1773 1544 1838 hoo
1566 1773 1732 1854 legebatur
1752 1773 1969 1855 poematium:

950 1879 1047 1958 ἄλλος
1069 1883 1086 1946 ό
1110 1873 1203 1962 Χίος,
1221 1883 1281 1964 ἐγώ
1305 1884 1342 1947 δὲ
1364 1880 1545 1964 Θεόκριτος,
1568 1880 1604 1958 ός
1625 1880 1699 1946 τάδ’
1721 1885 1861 1970 ἔγραψα,

1034 1973 1080 2058 εἷς
1101 1981 1171 2047 α’πό
1195 1985 1260 2048 τῶν
1282 1984 1412 2048 πολλῶν
1434 1984 1500 2064 εἰμι
1521 1988 1736 2067 Συρηκοσίων,

951 2081 1018 2156 υἱός
1040 2083 1258 2164 Πραξαγόρου
1280 2084 1478 2164 περικλειτοῖς
1498 2107 1533 2146 τε
1557 2083 1718 2167 Φιλίννης.

1033 2187 1164 2263 μοῦσαν
1185 2185 1214 2247 δ’
1236 2185 1375 2266 σ’θνείην
1397 2179 1496 2248 οὔτιν’
1517 2183 1769 2266 ἐφειλκνσοὶμην.

563 2281 701 2348 Carmen
722 2283 799 2348 illud
814 2303 882 2348 esse
903 2283 1042 2348 alienum
1064 2304 1084 2349 a
1107 2285 1279 2350 Theocrito
1300 2289 1332 2351 ct
1353 2287 1498 2368 spurium
1519 2284 1607 2367 quod
1629 2281 2008 2366 epigrammatographus
2031 2282 2168 2367 ίίίνείην
2181 2285 2313 2364 μοῦσαν

550 2387 732 2476 Δννννοοινρννί
754 2384 945 2447 econtrario
964 2384 1122 2448 enuntiati
1145 2385 1291 2449 membro
1314 2385 1388 2465 (ἐγώ
1412 2384 1650 2464 fideimanus,
1673 2381 1709 2456 ὃς
1729 2382 1803 2444 ταδ’
1825 2381 1967 2469 ἔγραψα)
1990 2387 2115 2450 νοτίοιο
2136 2388 2184 2450 est
2204 2404 2309 2468 neque

564 2481 672 2546 adhuc
694 2483 851 2560 inventus,
875 2482 929 2565 qui
952 2483 1131 2548 dubitando
1152 2483 1344 2560 sollicitaret,
1375 2483 1477 2550 donec
1498 2483 1549 2548 his
1571 2483 1701 2547 demum
1724 2481 1841 2564 quibus
1861 2501 1920 2546 nos
1940 2481 2078 2548 vivimus
2099 2485 2192 2549 annis
2212 2503 2312 2567 quae-

564 2582 679 2647 sitioris
701 2582 882 2663 argumenti
904 2583 1061 2664 cupiditas
1082 2603 1192 2648 veram
1213 2583 1390 2648 sententiae
1408 2583 1643 2666 simplicitatem
1665 2581 1830 2647 interfecit.
1874 2580 2101 2663 ‘Peregrinam'
2121 2583 2221 2664 aiunt,
2245 2604 2311 2650 non

566 2683 598 2746 in
620 2681 725 2746 Sicilia
750 2680 848 2761 (unde
866 2686 935 2746 crat
956 2682 1158 2764 Theocritus)
1179 2688 1293 2762 ortam,
1326 2684 1459 2749 indicari
1480 2683 1592 2768 poesin
1614 2682 1751 2765 ideoque
1771 2681 1946 2746 Arcadiam
1968 2683 2150 2748 Mnasalcae
2171 2685 2313 2766 patriam

565 2771 746 2864 oppositam
762 2781 888 2862 fingunt
903 2786 935 2845 et
952 2780 1090 2864 ίίινείιμ·
1111 2785 1240 2860 μοῦσαι·
1261 2781 1473 2847 ‘Arcadicam'
1495 2781 1740 2864 intellegendam
1756 2802 1824 2847 esse
1840 2781 2039 2847 confidenter
2054 2783 2312 2866 pronuntiant).

565 2883 614 2948 Ac
634 2883 747 2965 serpsit
768 2882 890 2946 malum
912 2886 944 2946 ct
965 2881 1027 2946 alia
1049 2882 1226 2946 litterarum
1251 2902 1369 2964 genera
1391 2887 1563 2948 attrectare
1585 2882 1697 2966 coepit.
1740 2881 1878 2947 Nuntius
1898 2882 1933 2959 is,
1955 2901 2052 2964 quem
2073 2883 2107 2946 in
2128 2882 2315 2950 Alexandra

565 2981 734 3065 Lycophro
756 2981 796 3046 de
817 2981 966 3046 fatidicae
989 2981 1082 3046 dictis
1104 2983 1290 3072 referentem
1315 2983 1452 3058 inducit,
1476 2983 1693 3048 coniecturam
1716 2981 1742 3046 si
1764 2982 1857 3046 audis
1878 3001 1988 3047 recens
2009 3002 2189 3065 procusam‚
2213 2983 2314 3066 Lyco·

567 3081 649 3164 phro
671 3085 735 3160 est,
765 3081 914 3146 Priamus
942 3101 1018 3145 vero
1041 3081 1289 3165 Lycophroneus
1318 3083 1388 3147 aeri
1411 3081 1620 3147 Alexandrini
1648 3101 1705 3146 rex
1732 3081 1863 3165 aliquis:
1893 3102 1970 3147 nam
1998 3083 2147 3166 ignorare
2174 3083 2315 3148 Alexan-

567 3181 734 3246 drinorum
756 3184 861 3246 artem
883 3179 1080 3258 martificis,
1103 3181 1217 3264 siquis
1238 3181 1315 3246 talia
1337 3201 1395 3246 suo
1422 3182 1561 3266 probare
1583 3201 1739 3246 consensu
1761 3182 1848 3246 nolit.
1892 3182 2021 3260 Quanto
2044 3185 2084 3249 de
2104 3182 2315 3267 Lycophrona

567 3283 684 3348 rectius
706 3281 891 3364 Propertius
914 3279 954 3361 (V
978 3281 1003 3356 1,
1023 3282 1060 3344 51
1071 3281 1171 3363 sqq.)l
1214 3279 1320 3362 Ipsum
1343 3301 1418 3345 vero
1442 3282 1505 3346 iam
1526 3281 1731 3346 Theocritum
1756 3281 1818 3345 ista
1838 3281 1919 3346 ratio
1940 3281 2022 3347 adeo
2045 3283 2195 3366 corrupit,
2218 3287 2316 3349 utne

568 3400 742 3461 agnoscere
764 3380 893 3463 quidem
916 3383 1031 3462 poetae
1053 3380 1167 3444 faciem
1189 3379 1246 3445 tibi
1269 3381 1407 3446 videaris
1417 3380 1451 3464 1).
1503 3381 1567 3446 Sed
1589 3381 1638 3445 his
1660 3381 1752 3464 nugis
1774 3381 1898 3446 omissis
1919 3382 2109 3464 explicando
2130 3401 2316 3448 succurrere

568 3481 713 3548 Philotae
736 3481 905 3545 malumus.

667 3581 769 3645 Alnus
790 3579 930 3662 loquitur
953 3579 1038 3662 ipsa:
1061 3583 1146 3644 recte
1169 3579 1429 3645 itaHeinrichius
1452 3582 1483 3643 et
1504 3578 1675 3643 Iacobsius.
1719 3577 1779 3656 Qui
1795 3581 1905 3642 tamen
1918 3579 2075 3660 poematis
2086 3582 2316 3662 argumentum

571 3681 756 3764 ceteroquin
778 3700 842 3746 non
865 3679 1001 3766 assecuti
1017 3679 1197 3745 mutilatum
1222 3699 1290 3744 esse
1311 3679 1431 3744 exitum
1448 3678 1630 3743 censebant.
1674 3677 1721 3742 lta
1738 3665 1832 3741 enim'
1846 3677 1886 3741 de
1902 3696 1936 3741 se
1952 3677 2061 3742 alnus:
2084 3677 2159 3744 ‘non
2180 3679 2317 3744 rusticus

572 3799 625 3844 me
647 3781 752 3863 capiet
773 3779 883 3844 alnum
905 3784 1095 3844 montanam
1118 3783 1256 3844 rastrum
1279 3777 1389 3843 tollere
1411 3782 1596 3855 consuetus,
1625 3777 1681 3842 sed
1709 3777 1764 3859 qui
1793 3776 1937 3858 poeticae
1955 3777 2016 3842 arti
2039 3778 2166 3844 deditus
2188 3783 2220 3844 et
2240 3798 2317 3844 con-

569 3883 690 3945 tortam
713 3881 895 3945 fabularum
919 3879 1004 3944 viam
1033 3879 1177 3962 impenso
1207 3878 1313 3942 studio
1333 3882 1518 3960 persecutus
1547 3876 1604 3941 sit'.
1648 3875 1688 3940 nt
1709 3879 1915 3958 quaerentes,
1947 3895 2004 3940 cur
2026 3876 2136 3942 alnum
2160 3877 2231 3960 quis
2252 3879 2319 3943 sive

571 3981 707 4062 agrestis
728 3980 795 4044 sive
815 3982 911 4062 poeta
935 3999 1035 4043 manu
1054 3979 1270 4062 prehensurus
1291 3977 1340 4055 sit,
1363 3977 1504 4060 primum
1524 3975 1585 4042 loci
1608 3975 1777 4041 cuiusdam
1795 3973 1965 4057 Vergiliani
1984 3976 2016 4040 in
2038 3980 2183 4061 tempore
2206 3979 2319 4043 memi-

572 4081 693 4158 nimus,
725 4079 841 4144 deinde
871 4099 906 4144 re
934 4079 1025 4144 facile
1053 4083 1221 4161 perspecta
1243 4079 1307 4142 alia
1336 4077 1489 4142 nonnulla
1520 4077 1587 4142 sine
1617 4095 1709 4140 mora
1738 4075 1921 4140 addidimus
1951 4075 2106 4159 exempla.
2150 4077 2186 4142 ln
2208 4079 2320 4160 ecloga

570 4181 656 4245 enim
679 4183 794 4244 octava
809 4179 874 4262 (16)
894 4199 1010 4244 canere
1032 4179 1212 4244 incuratam
1235 4180 1323 4242 tereti
1339 4177 1465 4242 Damon
1483 4178 1527 4242 sic
1544 4177 1643 4258 coepit
1664 4177 1784 4256 olivam
1805 4173 2057 4254 ἐπερεισάμενος
2079 4180 2128 4262 τῆν
2146 4181 2320 4259 βακτηρίαι

571 4280 730 4345 bubulcus
752 4284 799 4344 est
820 4279 907 4362 apud
923 4279 1068 4360 Longum
1084 4277 1177 4360 (114),
1200 4282 1285 4340 πίνω
1302 4277 1331 4338 δ’
1349 4279 1385 4340 ἐν
1399 4277 1469 4356 δορί
1492 4275 1672 4358 κεκλιμένος
1692 4275 1733 4340 de
1752 4295 1795 4352 se,
1818 4275 1895 4340 dum
1913 4275 2038 4352 militat,
2060 4277 2273 4342 Archilochus
2282 4275 2318 4356 8).

674 4477 701 4542 5)
720 4475 903 4531 Reitzenstein
923 4493 948 4546 p.
969 4475 1026 4529 131.

673 4563 700 4628 6)
719 4561 902 4617 Reitzenstein
912 4579 938 4632 p.
950 4561 1008 4616 132.
1044 4561 1171 4618 Ceterum
1184 4562 1252 4618 haec
1265 4561 1425 4618 Theocritus
1437 4565 1598 4633 personatus
1616 4559 1819 4631 epigrammate
1833 4559 1883 4614 XX
1896 4559 1963 4613 Ahr.
1980 4559 2106 4614 imitatus
2125 4575 2179 4613 asse
2198 4555 2320 4611 videtur:

962 4647 1045 4714 ξεῖνε,
1065 4646 1238 4722 Συρακόσιός
1257 4669 1299 4703 τοι
1318 4645 1389 4722 α’νὴρ
1408 4645 1470 4702 τόδ’
1488 4646 1598 4718 ἐφίεται
1611 4645 1733 4720 Ὄρθον·

1028 4737 1177 4807 χειμερίας
1193 4737 1309 4808 μεθύων
1326 4731 1441 4808 μηδαμὰ
1461 4732 1560 4796 νυκτός
1577 4737 1640 4795 ἴοις.

963 4817 1082 4895 καὶγὰρ
1101 4817 1156 4892 ἐγὼ
1175 4822 1303 4876 τοιοῦτον
1322 4821 1386 4895 ἔχον
1403 4821 1499 4893 πόρον,
1518 4819 1582 4877 όντὶ
1601 4823 1632 4878 δὲ
1649 4823 1752 4884 πολλοῖς

1031 4909 1164 4980 πατρίδος
1181 4903 1299 4964 citratos
1317 4917 1414 4982 κεῖμαι
1434 4907 1631 4982 ἐφεσσάμενος.

673 4990 698 5056 l)
720 4991 904 5048 Rdhenstein
921 5011 948 5064 p.
967 4993 1019 5048 228
1038 5011 1096 5064 sqq.
1132 4997 1262 5051 Deutsclte
1279 4998 1471 5065 meleduno
1491 4999 1559 5053 1894
1576 5015 1603 5068 p.
1620 4997 1670 5052 327
1689 5015 1728 5066 sq.

672 5083 699 5148 8)
718 5077 761 5134 Fr.
781 5080 846 5135 213.
883 5079 999 5138 Carmen
1018 5082 1114 5140 militis
1131 5087 1172 5138 est
1190 5084 1220 5138 in
1238 5083 1338 5140 itinere
1355 5083 1488 5140 morantis
1505 5084 1613 5140 sarcina
1630 5082 1773 5140 instructi:

959 5167 990 5226 ἕν
1008 5170 1068 5242 δορὶ
1086 5169 1141 5244 μέν
1157 5189 1207 5244 μοι
1225 5170 1298 5244 μᾶζα
1316 5170 1496 5243 μεμαγμένη,
1515 5167 1547 5226 ἐν
1566 5170 1628 5242 δορί
1644 5164 1675 5224 δ’
1694 5165 1770 5230 οἱνος

1028 5253 1190 5332 Ἰσμαρικός,
1208 5261 1279 5311 πίνω
1295 5257 1314 5310 d
1317 5254 1325 5274 ⁸
1344 5255 1375 5312 ἐν
1393 5257 1454 5330 δορὶ
1473 5256 1649 5332 κεκλιμένος.

574 5343 650 5398 lnter
667 5342 821 5400 convivalia
839 5344 908 5402 miro
927 5343 1028 5400 iudicio
1046 5345 1156 5400 rettulit
1174 5344 1358 5402 Reitzenstein
1376 5365 1402 5418 p.
1424 5347 1466 5401 52.
1503 5347 1595 5400 Nisus
1612 5349 1643 5399 ιἰι
1661 5345 1769 5398 hastam
1786 5342 1890 5400 Statius
1912 5341 1990 5396 met.
2008 5339 2033 5394 V
2052 5340 2093 5396 19.
