5182 6666
1274 771 1277 776 ,
1350 698 1406 763 IIII

503 885 622 949 IIonenr
647 879 739 944 inici:
762 879 847 943 unde
868 897 972 960 neque
994 876 1036 940 ad
1054 875 1291 942 MarathonIum
1313 882 1442 942 [aunam
1461 877 1624 960 nequead
1646 876 1745 942 ullum
1762 876 1860 942 aIIum
1884 895 2004 953 eorum,
2027 875 2080 956 qui
2102 876 2252 940 cornibus

504 982 661 1066 depressis
681 981 723 1045 ab
754 979 904 1042 heroibus
928 977 1032 1040 necati
1054 977 1208 1054 seruntur,
1235 997 1362 1042 versum
1386 977 1574 1042 Callimachi
1597 977 1799 1042 referendum
1830 996 1898 1042 esse
1919 977 2063 1058 sequilur
2074 975 2109 1054 ⁴).
2158 976 2252 1039 Calli-

504 1083 620 1148 macho
642 1067 775 1145 Ovidius
805 1077 977 1142 succurrit:
1007 1076 1103 1140 ruodo
1135 1076 1221 1156 legas
1253 1097 1337 1160 quae
1367 1078 1528 1143 Achelous
1558 1078 1600 1142 ab
1630 1077 1766 1142 Hercule
1797 1077 1952 1142 subactus
1979 1077 2047 1158 ipse
2076 1075 2264 1157 hospitibus·

505 1181 698 1266 quibusdam
721 1179 761 1244 de
784 1177 958 1243 certamine
980 1175 1177 1257 narravit:⁶)

934 1275 988 1340 Sir
1009 1295 1130 1358 quoque
1152 1276 1267 1341 deuicto
1289 1277 1428 1342 restabat
1449 1279 1543 1341 tertia
1565 1278 1653 1340 lauri

931 1376 1038 1459 forma
1060 1377 1177 1440 lrucis:
1198 1381 1292 1440 ireuro
1313 1383 1453 1442 mutatus
1475 1377 1614 1441 utemhra
1635 1375 1757 1441 rebella.

936 1475 1050 1541 Induit
1072 1476 1225 1541 illatoris
1248 1499 1269 1542 a
1292 1476 1381 1542 laeua
1398 1486 1495 1562 parta
1514 1476 1648 1542 lacertos

934 1575 1173 1658 admissumque
1196 1577 1325 1642 trahens
1346 1579 1489 1659 sequitur
1510 1578 1720 1665 depressaque
1741 1579 1826 1644 dura

936 1697 1056 1742 cornua
1075 1677 1146 1758 dqit
1167 1675 1261 1740 humo
1283 1697 1389 1762 tneque
1411 1680 1478 1742 ulta
1498 1680 1612 1742 sternit
1631 1678 1765 1743 harena.

938 1775 1003 1840 Nec
1023 1777 1101 1840 satis
1122 1775 1178 1841 hoa
1199 1777 1324 1859 fucrah·
1346 1777 1488 1858 riqidum
1508 1778 1581 1860 fera
1605 1779 1735 1844 dextera
1756 1801 1855 1844 corae

939 1876 1015 1942 dum
1037 1881 1127 1954 leuel,
1152 1876 1285 1958 iufrcqit
1305 1884 1480 1958 truncaque
1502 1899 1522 1941 a
1542 1877 1647 1955 {route
1669 1857 1799 1944 rduellit.

942 1976 1065 2040 Naides
1087 1974 1143 2040 hoc
1158 1977 1265 2060 paruis
1287 1982 1316 2041 el
1339 1976 1533 2054 odoratiora
1554 1981 1707 2062 repletum

941 2081 1124 2150 sacrarunt,
1146 2076 1291 2161 dirusque
1312 2097 1377 2140 rrreo
1397 2075 1487 2141 ‘baua
1509 2077 1608 2162 capia'
1630 2099 1729 2144 cornu
1750 2087 1804 2144 cst.

509 2199 641 2265 Acheloi
672 2198 808 2262 alterum
839 2213 940 2258 cornu
971 2193 1123 2257 Hercules
1152 2192 1252 2256 humo
1281 2191 1466 2275 depressum
1500 2195 1628 2275 fregisse
1659 2196 1899 2262 aCaIIimacho
1926 2197 2058 2262 dicitur:
2088 2197 2133 2261 sic
2159 2195 2259 2278 Nym·

509 2299 647 2384 pharum
666 2296 789 2378 'copiae
812 2293 922 2358 cornu’
945 2293 1090 2358 evasisse.
1135 2290 1245 2355 Αἴτιον
1267 2294 1460 2358 narrationis
1475 2295 1711 2360 CaIIImacheae
1734 2301 1890 2374 tenchrae,
1912 2302 1944 2362 et
1965 2297 2055 2360 αἴτια
2069 2297 2259 2362 Callimachi

508 2420 542 2464 se
563 2402 709 2482 spectare
730 2395 936 2464 nuntiaverat
958 2393 1152 2475 Propertius
1203 2393 1287 2475 Ergo
1316 2393 1412 2457 trIum
1443 2394 1569 2458 illorum
1593 2395 1750 2478 Propertii
1772 2397 1992 2480 exemplorum
2014 2402 2100 2462 certe
2119 2399 2260 2480 prImum

510 2497 706 2565 censendum
728 2499 776 2560 est
794 2492 1056 2559 Callinracheum.

612 2597 754 2662 Tertium
778 2595 820 2660 ad
842 2593 994 2676 exequias
1016 2612 1034 2656 a
1058 2595 1181 2673 septem
1204 2591 1354 2656 heroibus
1376 2593 1506 2658 Thebas
1526 2597 1759 2678 oppugnaturis
1781 2596 1980 2661 Archemoro
2002 2600 2093 2662 actas
2112 2599 2259 2680 pertinet,

511 2699 670 2782 equibus
691 2697 778 2771 Ario,
803 2694 932 2758 Adrasti
956 2712 1058 2775 equus
1078 2692 1206 2770 vocalis
1239 2695 1397 2758 currendo
1421 2695 1522 2758 victor
1543 2696 1695 2760 discessit.
1739 2696 1953 2778 ecquonam
1975 2717 2047 2762 cum
2071 2697 2258 2762 Archemori

510 2798 665 2864 memorIa
688 2797 880 2865 Nemeorum
902 2793 1050 2857 ludorum
1077 2792 1165 2855 initia
1192 2793 1364 2859 coniuncta
1395 2801 1469 2860 sunt
1491 2797 1685 2874 arctissime,
1716 2797 1832 2860 iterum
1861 2797 1976 2878 attingi
2007 2796 2258 2862 Callimacheum

512 2901 739 2980 argumentum
761 2894 984 2974 aetioloqicum
1007 2912 1072 2956 non
1102 2893 1277 2958 conicimus
1306 2896 1363 2960 sed
1394 2896 1606 2960 demonstrari
1634 2917 1728 2978 posse
1756 2900 1919 2979 putemus,
1968 2897 2121 2962 Traditur
2150 2917 2259 2962 versus

512 2999 643 3081 quidam
666 2994 901 3062 Callimacheus
929 2993 960 3056 In
984 2991 1104 3056 scholIo
1126 2992 1258 3058 Pindari
1282 2993 1404 3079 Olymp.
1429 2995 1495 3068 VIII
1517 2996 1573 3059 el:
1604 2993 1804 3078 ἡὈλυμπία
1825 2997 1879 3058 καὶ
1902 2995 1921 3080 ἠ
1944 3001 2058 3077 Νεμέα
2080 2995 2165 3071 Διός.
2205 2999 2260 3060 καὶ

512 3092 721 3178 Καλλίμαχός
743 3113 843 3178 quaer
865 3093 914 3174 (Ir.
941 3093 998 3156 193
1019 3091 1147 3170 Schul:

940 3193 1044 3274 “quu'
1062 3213 1096 3251 τε
1115 3192 1169 3253 καὶ
1193 3197 1315 3274 Νεμέηι
1337 3216 1367 3256 τι
1390 3198 1538 3272 χαρίσιον
1559 3193 1654 3257 i'dror·
1675 3194 1826 3277 όφείλω.”

513 3295 577 3359 Iovi
602 3293 697 3376 igitur
725 3292 885 3357 Nemeaeo
913 3291 1033 3355 donum
1063 3291 1218 3373 promittil
1249 3293 1369 3372 gratias
1398 3293 1520 3375 accepti
1550 3295 1695 3358 beneficii
1723 3299 1853 3358 acturus
1874 3295 2034 3358 nescimus
2059 3296 2139 3376 quis,
2169 3296 2260 3359 ludos

513 3395 630 3460 scilicet
652 3394 702 3458 isli
724 3392 927 3476 potissimum
951 3391 1011 3455 deo
1034 3391 1202 3469 institutos,
1226 3393 1500 3473 quemadmodum
1524 3395 1699 3459 rectissime
1721 3393 1950 3476 suppleverunt
1972 3413 2081 3457 versus
2104 3394 2185 3458 illius
2207 3413 2260 3458 ex·

514 3495 692 3578 plicatores.
736 3491 854 3556 Verum
877 3489 1036 3554 immerito
1059 3490 1098 3554 de
1120 3489 1256 3555 Hercule
1279 3493 1426 3558 ludorum
1449 3499 1522 3576 post
1541 3495 1665 3558 leonem
1681 3493 1820 3558 Nemeae
1844 3494 1962 3558 vicium
1985 3494 2148 3558 condilore
2165 3494 2261 3557 iidem

513 3594 710 3676 cogitabant.
754 3590 813 3669 Qui
837 3591 929 3654 ludos
950 3595 1078 3654 mortuo
1099 3590 1298 3656 Archemoro
1321 3592 1385 3657 lovi
1408 3595 1616 3670 celebrarent,
1637 3599 1760 3676 septem
1782 3594 1896 3658 heroes
1917 3593 2005 3674 apud
2028 3593 2261 3658 Callimachum

515 3693 609 3758 luisse
633 3691 797 3757 adhibilus
819 3690 949 3754 iamlam
970 3690 1156 3770 Propertius
1178 3693 1325 3756 ostendit.
1369 3693 1483 3758 Unum'
1499 3694 1560 3758 hoc
1582 3693 1798 3776 disceptabile‚
1820 3695 1891 3775 quis
1907 3693 2040 3774 loquens
2058 3713 2150 3756 versu
2168 3693 2262 3756 Calli·

514 3793 649 3857 macheo
672 3791 822 3856 inductus
843 3790 892 3854 sit.
937 3789 1070 3854 Poetarn
1093 3789 1197 3871 ipsum
1221 3811 1387 3873 negamus
1410 3795 1562 3876 quoniam
1589 3795 1670 3874 grati
1693 3813 1770 3875 erga
1794 3792 1897 3856 Iovem
1920 3793 2141 3874 Nemeamquc
2163 3793 2262 3856 animi

514 3893 635 3957 nullam
657 3891 749 3956 nobis
771 3890 921 3972 fingimus
950 3891 1106 3954 rationem
1130 3891 1332 3974 aliquatenus
1359 3894 1568 3973 probabilem.
1619 3894 1680 3958 Ista
1711 3895 1843 3958 tandem
1872 3894 2099 3956 abstinendum
2129 3897 2177 3955 est
2207 3913 2261 3956 ex·

512 3991 683 4074 plicatione
706 3995 736 4056 el
765 3989 853 4055 aliud
873 3990 951 4072 quid
974 3991 1294 4072 circumspiciendum
1319 3993 1528 4056 verisimilius.
1579 3995 1742 4058 Invenitur
1765 4013 1856 4070 vero,
1884 4011 1949 4074 quo
1978 3993 2086 4073 aptius
2113 3997 2262 4074 nequeat,

514 4091 546 4155 in
568 4091 662 4156 Statii
679 4089 863 4155 ‘Thebaide'
886 4089 939 4168 (IV
960 4091 1155 4171 sul—sust:

944 4199 1046 4282 Atque
1067 4196 1219 4278 alr'qaisl)
1242 4218 1351 4278 aequm
1374 4199 1478 4263 media
1500 4201 1704 4279 ciacumlluus
1725 4201 1831 4264 aurai:

944 4297 1127 4376 “silvarum,
1151 4295 1274 4376 Nemee,
1296 4299 1384 4382 lonqe
1405 4299 1517 4381 reqiua
1541 4301 1706 4379 circulum,

620 4527 646 4590 4)
668 4523 805 4580 Catullum
824 4521 910 4576 LXIV
930 4521 1027 4588 llOsq.

938 4609 983 4661 Sic
1001 4609 1099 4661 domito
1117 4625 1225 4660 saecum
1239 4609 1392 4676 prostravit
1410 4622 1519 4675 corpore
1541 4607 1655 4658 Ilreueua

936 4697 1096 4763 nequiquam
1116 4697 1193 4747 vanis
1212 4698 1353 4747 iactantem
1371 4711 1474 4746 comua
1493 4695 1576 4745 oeulis

519 4810 562 4878 (Ir.
581 4827 626 4863 an.
645 4810 695 4862 3b9
715 4808 796 4862 Schu.
822 4801 907 4860 nollet
933 4803 1027 4878 peiere
1045 4803 1192 4876 κεράεσσιν
1217 4802 1245 4865 ἐς
1273 4800 1340 4876 q’e'pn
1365 4801 1533 4874 dupq'euuru
1560 4804 1624 4874 [Cic.
1651 4805 1695 4856 nd
1723 4808 1774 4857 elil.
1794 4801 1860 4856 VIII
1879 4803 1903 4870 5,
1924 4801 1961 4870 II)
1987 4818 2043 4857 nou
2065 4801 2100 4855 ad
2117 4796 2151 4853 ‘H
2170 4793 2267 4852 calaur'

519 4894 732 4951 Callimachcam
752 4911 879 4948 revocare
898 4892 971 4960 licet,
989 4890 1221 4960 quemadmodum
1241 4893 1368 4946 statuunt
1385 4889 1555 4961 interpretes.

623 4983 649 5039 5)
671 4983 777 5034 Metam.
798 4979 835 5032 III
854 4979 886 5033 81
896 4996 954 5046 sqq.

626 5071 652 5134 6)
674 5067 828 5122 Consolatio
847 5066 881 5120 ud
901 5064 1008 5119 Liuiam
1029 5065 1138 5133 l9leq.:

940 5161 1027 5227 Atque
1044 5159 1146 5226 aliquis
1165 5159 1196 5210 de
1211 5159 1286 5226 plebe
1301 5161 1367 5226 pius
1380 5175 1435 5226 pro
1449 5173 1571 5225 paupere
1588 5162 1652 5209 nato

1009 5245 1156 5298 contulerat
1175 5245 1286 5298 timidas
1303 5245 1395 5297 sidera
1414 5245 1451 5296 nd
1469 5245 1525 5296 olio
1544 5259 1648 5294 maures
