5182 6666
1394 757 1424 822 X

631 939 765 1006 ‘Cereris
787 934 972 1002 adrentum’
994 934 1037 998 ab
1058 933 1290 998 Eleusiniorum
1314 936 1466 1018 religione
1487 943 1519 1002 et
1540 935 1698 1019 mysteriis
1721 955 1762 1000 ne
1780 932 1941 1000 Philetam
1962 934 2092 1016 quidem
2107 936 2282 1002 seiunxisse

530 1044 579 1108 vel
600 1041 674 1105 inde
696 1037 926 1113 concludimus
948 1034 1035 1117 quod
1057 1034 1117 1097 dea
1139 1033 1298 1099 Eleusinia
1321 1037 1408 1118 apud
1431 1037 1514 1102 Coos
1536 1056 1665 1120 quoque
1689 1036 1804 1117 insigni
1827 1035 1949 1100 honore
1970 1035 2135 1099 colebatur
2145 1035 2179 1116 ⁶).
2222 1037 2283 1101 Or-

529 1143 661 1226 phicum
682 1139 827 1204 Philetae
849 1155 979 1202 carmen
1009 1135 1040 1200 in
1064 1131 1188 1218 Orpheo
1218 1141 1328 1200 nostro
1357 1135 1397 1217 (V
1419 1139 1450 1218 3)
1482 1157 1499 1201 e
1523 1137 1659 1220 Vergilio
1682 1138 1816 1218 aliisque
1847 1154 1950 1218 nuper
1980 1135 2147 1198 restituere
2175 1138 2281 1202 conati

530 1261 650 1306 sumus.
703 1237 854 1304 Oblivisci
875 1241 1043 1319 poetarum
1067 1233 1359 1300 Alexandrinorum
1380 1237 1589 1318 explicatores
1609 1238 1730 1313 solent,
1759 1255 1824 1301 non
1854 1233 2057 1300 solummodo
2085 1238 2199 1317 poetas
2228 1236 2284 1300 sed

530 1342 676 1406 homines
698 1345 728 1404 et
750 1339 888 1404 Graecos
910 1336 978 1400 illos
999 1335 1094 1400 luisse
1118 1335 1200 1398 inter
1220 1335 1359 1400 Graecos
1381 1337 1448 1401 sive
1468 1336 1608 1401 Graecos
1630 1338 1712 1402 inter
1732 1336 1961 1418 barbarosque.
2006 1333 2145 1398 Planum
2167 1335 2228 1399 hoc
2253 1335 2284 1399 in

530 1440 744 1516 Callimacho,
770 1439 859 1502 cuius
880 1456 952 1501 cum
976 1435 1028 1499 alii
1054 1435 1162 1517 hymni
1184 1439 1253 1498 tum
1275 1440 1383 1499 sextus
1412 1436 1466 1516 qui
1490 1441 1679 1500 numeratur
1709 1436 1741 1498 in
1763 1435 1912 1498 Cererem
1935 1439 2088 1516 superesi.
2139 1434 2286 1499 Alterum

531 1540 719 1608 Callimachi
736 1540 776 1604 de
791 1537 903 1602 eadem
920 1536 979 1600 dea
997 1553 1127 1600 carmen
1144 1534 1346 1616 deperdilum
1361 1535 1439 1616 quid
1454 1535 1589 1600 voluerii
1604 1555 1621 1599 e
1637 1535 1738 1600 tribus
1754 1532 1895 1615 reliquiis
1906 1532 1917 1612 Ι
1923 1533 1980 1596 llo
1990 1535 2068 1612 8ι-ο)
2081 1534 2123 1598 ab
2136 1534 2287 1616 Hephae·

531 1643 634 1707 stione
655 1657 729 1704 eum
751 1637 793 1702 ad
814 1637 921 1714 linem,
943 1639 979 1700 ut
1000 1635 1093 1698 metri
1115 1633 1300 1698 Archebulii
1320 1635 1439 1700 formas
1461 1635 1663 1710 describeret,
1686 1632 1821 1700 servatis
1836 1631 1913 1696 disci
1936 1635 2050 1714 potest.
2091 1633 2137 1697 En
2159 1653 2286 1700 versus:

962 1750 1067 1830 o'ye'rm
1091 1749 1186 1823 θεός·
1210 1749 1249 1812 ου’
1269 1751 1330 1831 γάρ
1352 1752 1411 1832 e'yai
1434 1751 1512 1831 δι’χα
1533 1751 1610 1814 τῶδ’
1629 1752 1764 1814 acrone.
1791 1785 1825 1796 —

962 1850 1087 1932 ι’όμηα,
1111 1849 1152 1914 od
1174 1853 1236 1929 μὲν·
1257 1849 1415 1930 άστεριάι·
1436 1851 1493 1914 ὑπ’
1514 1847 1649 1930 ἅμαξαι·
1668 1847 1743 1936 ἤδη.
1768 1887 1805 1897 -

964 1947 1124 2030 palasano
1144 1945 1219 2027 άριι
1244 1949 1284 2030 γά
1309 1948 1340 2012 οἱ
1358 1950 1475 2014 nancta
1497 1955 1559 2028 μὲν
1573 1949 1680 2016 '‘liro-a.

534 2068 693 2142 Fuerunt,
723 2063 778 2146 qui
808 2062 907 2126 verba
936 2060 1095 2140 α’σιεριάι·
1124 2057 1183 2121 o‘a'
1212 2056 1346 2142 ἄμαξαι·
1375 2063 1405 2128 in
1436 2063 1570 2128 dubium
1602 2082 1717 2128 vocare
1746 2063 1879 2128 mallent
1908 2085 2007 2147 quam
2039 2066 2237 2146 intellegere,
2267 2085 2287 2130 a

535 2166 730 2232 Schneidero
753 2161 940 2226 enumerati.
987 2160 1105 2224 Verum
1127 2161 1276 2242 expedita
1300 2181 1349 2226 res
1372 2167 1435 2240 est,
1464 2162 1562 2227 modo
1592 2162 1738 2228 Cererem
1761 2164 1871 2228 subter
1891 2164 2095 2230 ‘Plaustrum’
2116 2165 2287 2240 stellatum,

536 2265 624 2349 quod
651 2263 705 2328 alii
726 2261 851 2326 ‘Ursam
879 2259 1044 2325 maiorem’
1067 2259 1292 2342 appellabant,
1321 2261 1354 2325 in
1376 2261 1513 2343 Virginis
1542 2262 1646 2326 sidere
1658 2265 1682 2342 7)
1711 2264 1754 2327 ab
1783 2264 1975 2328 astronomis
2002 2265 2190 2346 indagatam
2221 2285 2289 2332 esse

536 2362 693 2428 attendas.
750 2360 908 2426 Addimus
943 2359 1078 2424 alterurn
1116 2380 1134 2425 e
1169 2360 1367 2426 Callimacho
1402 2361 1593 2442 exemplum.
1650 2362 1726 2434 Ἱοιῖς
1754 2358 1864 2444 όηιξις
1891 2382 1912 2427 a
1940 2363 2138 2428 Callimacho
2169 2365 2289 2449 scripta

536 2461 743 2542 ferebatur⁸t
791 2459 849 2526 Cui
870 2480 943 2524 cum
965 2461 999 2525 lo
1021 2464 1103 2524 esset
1122 2459 1236 2525 eadem
1258 2465 1356 2544 alque
1376 2461 1432 2526 lsis
1452 2461 1611 2544 Aegyptia
1622 2461 1664 2542 ⁹),
1693 2463 1888 2528 conveniunt
1909 2462 1942 2526 in
1964 2463 2058 2528 islam
2078 2463 2155 2536 Ὶοῡς
2175 2461 2290 2546 άηιξιν

536 2583 621 2646 quae
642 2560 834 2628 Plutarchus
856 2560 896 2624 de
919 2559 1009 2624 Isidis
1031 2559 1118 2624 cultu
1141 2561 1315 2625 memoriae
1337 2559 1483 2626 tradidit:
1515 2559 1566 2623 διό
1585 2561 1638 2623 καὶ
1661 2560 1800 2634 θύοντες
1823 2559 1960 2644 ἑβδόμη-ι
1983 2566 2042 2624 τοῦ
2070 2563 2152 2642 Τυβὶ
2176 2562 2288 2646 μηνός,

536 2661 577 2747 ἣν·
605 2661 759 2726 καλοῦσιν
788 2655 923 2742 “einaim
940 2654 1080 2733 'laram’
1111 2659 1146 2722 ἐκ
1169 2664 1326 2742 Φοινίκης,
1350 2659 1588 2724 ἐπιπλάττουσι
1610 2665 1676 2735 τοῖς
1697 2661 1859 2735 ποπάνοις
1881 2658 1987 2724 ἵπποι·
2010 2663 2175 2742 ποτάμιοι·
2197 2662 2287 2724 dede-

535 2762 691 2846 pe‘rorm).
734 2761 787 2826 Ab
808 2759 860 2825 lus
881 2759 932 2823 die
954 2759 1034 2823 festo
1058 2779 1129 2823 cum
1150 2759 1231 2824 Iside
1254 2761 1405 2826 confusae
1426 2761 1561 2824 carmini
1585 2760 1801 2826 Callimacheo
1822 2781 1941 2826 nomen
1963 2761 2099 2828 inditum
2123 2763 2229 2843 esl¹¹).

641 2909 669 2976 6)
687 2907 800 2964 Dibbelt
820 2909 991 2974 Quaestiones
1013 2909 1081 2962 Coae
1099 2910 1180 2977 myth.
1199 2926 1224 2978 p.
1244 2909 1286 2961 21.

549 2992 553 3001 '
642 2997 668 3060 'll
689 2992 1133 3050 Pa-hratooheniscmasnrismi
1152 2994 1191 3047 lx
1213 2997 1248 3064 (p.
1268 2994 1302 3048 84
1320 2995 1362 3052 aa
1389 2995 1519 3065 λέγονται
1543 2995 1572 3048 (λε’
1598 2997 1643 3048 καὶ
1669 2993 1761 3068 ἕτεροι
1780 2997 1857 3066 λόγοι
1881 2997 1945 3068 περὶ
1971 2990 2213 3065 «depertinentes
2264 2994 2292 3047 οἳ

540 3082 594 3155 μὲν
613 3079 668 3155 γὰρ
687 3077 777 3152 adria
794 3099 881 3149 φασιν
900 3076 975 3134 εἶναι
994 3078 1129 3153 Δήμητρα
1148 3077 1194 3134 διὰ
1215 3078 1244 3135 τό
1265 3081 1341 3154 ἔχειν
1359 3079 1469 3153 σιάχιιν,
1489 3081 1516 3134 οἳ
1533 3081 1562 3135 δι’
1576 3069 1646 3135 Ἶσιν
1665 3083 1721 3135 κτλ.

643 3169 670 3236 8)
692 3167 790 3223 Suidaa
807 3185 830 3220 a.
845 3185 868 3220 ο.
890 3167 977 3220 Καλλ.

644 3257 672 3322 9)
692 3254 785 3324 Epigr.
805 3251 879 3308 CVII
897 3249 1144 3324 Ἰνιιχίης-Ἴσιδος
1164 3255 1246 3322 (unde
1264 3254 1393 3309 carminis
1412 3251 1496 3307 Philia
1516 3251 1615 3322 reperti
1636 3251 1751 3324 scriptor
1768 3254 1817 3310 981
1839 3252 1933 3308 Koila:
1955 3251 2053 3312 Ἴσιδος
2071 3247 2188 3324 ’Ῑναχίης
2206 3258 2292 3322 γαῖαν

541 3338 716 3413 ἐποψόμενοι
737 3341 814 3408 κτλ).

647 3427 687 3493 10)
709 3428 749 3480 De
767 3427 840 3480 Iside
858 3425 900 3480 50.

646 3513 688 3581 ll)
708 3512 732 3565 A
751 3511 918 3566 Callimacho
937 3513 1058 3582 pendent
1075 3512 1188 3567 fortasse
1202 3509 1315 3565 Ovidius
1334 3511 1500 3582 (athletam.
1522 3512 1596 3566 1747
1613 3531 1685 3566 nanc
1702 3515 1750 3566 dea
1764 3514 1882 3579 linigero
1896 3513 1995 3565 colitur
2009 3511 2181 3563 celeberrimo
2198 3512 2289 3575 tardo)

541 3603 570 3655 et
588 3599 746 3669 Propertius
764 3597 805 3651 ΙΙΙ
825 3598 866 3666 33,
888 3601 967 3668 lsqq.
988 3600 1039 3668 (28,
1061 3601 1138 3668 lrsq.
1158 3599 1218 3666 61Ιι

1031 3689 1133 3740 Tristia
1152 3689 1208 3738 iam
1227 3687 1338 3738 redeunt
1358 3685 1456 3736 ilerum
1473 3685 1611 3737 sollemnia
1630 3685 1723 3736 nobis:

1101 3773 1215 3840 Cynthio
1234 3774 1289 3824 iam
1308 3778 1395 3824 nemea
1412 3776 1450 3822 eet
1468 3777 1578 3837 operata
1598 3771 1692 3822 decem.

1027 3861 1114 3928 Atque
1132 3861 1237 3911 utinam
1254 3864 1347 3926 pereat
1366 3858 1430 3909 Nilo
1448 3873 1515 3925 quoe
1533 3873 1613 3908 sacra
1633 3863 1731 3924 tepente

1095 3947 1170 3997 misit
1187 3947 1321 3997 matronis
1338 3944 1448 3995 Inachis
1466 3944 1606 3994 Ausoniis.

542 4037 711 4109 Singillatim
724 4035 909 4092 Callimachea
927 4033 972 4088 vix
990 4035 1064 4088 certo
1082 4029 1193 4100 agnosci
1213 4031 1344 4099 poterunt
1362 4027 1489 4083 obstante
1508 4026 1645 4082 alterode
1665 4027 1709 4080 Ius
1727 4027 1792 4080 fatis
1811 4027 1906 4082 fabula
1924 4030 2109 4085 Alexandrina
2129 4036 2157 4085 et
2176 4032 2291 4086 fortasse

541 4126 626 4181 etiam
644 4123 737 4180 tertia.
771 4123 894 4176 Primum
915 4120 975 4176 vide
993 4137 1042 4184 ea,
1060 4135 1131 4187 quae
1154 4117 1252 4170 Comm.
1271 4118 1353 4184 myth.
1372 4115 1398 4169 ll
1416 4131 1503 4184 nuper
1521 4115 1554 4170 de
1579 4113 1669 4183 lepide
1688 4113 1793 4167 Andria
1816 4114 2016 4186 disputavimus
2036 4135 2061 4186 p.
2082 4117 2144 4172 llll.
2190 4119 2292 4174 Deinde

543 4213 657 4266 Nonnus
675 4208 836 4280 Cupidinem
856 4206 964 4262 induxit
982 4203 1123 4260 duodecim
1143 4202 1261 4270 sagittae
1285 4202 1315 4256 in
1334 4202 1427 4256 lovem
1451 4200 1614 4262 iacientem,
1640 4205 1671 4254 ut
1696 4200 1739 4253 lus
1764 4200 1889 4271 Europae
1914 4201 2010 4256 Plutus
2036 4203 2146 4257 Danaae
2172 4203 2294 4258 Semelae

542 4297 666 4368 Aeginae
687 4297 823 4366 Antiopae
841 4293 931 4348 Ledae
950 4291 1017 4346 Diae
1037 4291 1182 4345 Alcmenae
1203 4287 1367 4343 Laodamiae
1380 4286 1550 4358 Olympiadis
1568 4304 1661 4342 amore
1680 4286 1897 4343 inflammaretur
1917 4289 2044 4358 (Koehler
2059 4291 2110 4342 Die
2126 4291 2292 4357 Dionysiaca

543 4386 589 4436 des
609 4385 718 4437 Nonaos
736 4401 763 4452 p.
784 4382 815 4435 15
825 4385 885 4449 aql.
934 4377 1054 4447 Denique
1072 4376 1300 4432 Westermannus
1318 4375 1413 4444 (Myth.
1426 4393 1468 4440 pr.
1487 4391 1515 4443 p.
1531 4373 1592 4438 373)
1611 4373 1644 4427 de
1663 4371 1729 4428 lone
1747 4372 1932 4428 narrationem
1955 4375 2046 4430 Severi
2068 4375 2185 4430 rhetoris
2207 4373 2294 4430 edidit

544 4468 623 4524 valde
641 4467 752 4537 quidem
771 4469 926 4536 corruptam
945 4463 992 4519 sed
1010 4463 1218 4520 emendabilem.
1263 4460 1449 4516 Adscribimus
1467 4476 1567 4514 novam
1585 4459 1706 4528 excerpti
1725 4461 1909 4516 recensionem
1927 4479 1945 4516 a
1958 4461 2036 4516 nobis
2053 4455 2293 4532 ‘Geoponicorum'

545 4573 597 4626 ope
615 4555 769 4610 conlectam
791 4553 838 4620 (Χ)
856 4553 916 4619 2·ὶ);

740 4641 784 4692 ἴον
804 4634 833 4692 τό
854 4636 943 4698 ἄνθος
960 4634 990 4695 ἐξ
1011 4623 1042 4707 ἧς
1061 4631 1227 4709 ὀνομάζεται
1247 4631 1376 4703 γέγονεν.
1420 4630 1472 4707 ἤρα
1495 4627 1623 4704 μὲνγὰρ
1648 4626 1755 4692 sileris
1784 4633 1831 4703 της
1850 4629 1926 4697 Ἰοῦς,
1945 4630 2016 4705 ε’ριόν
2033 4633 2063 4687 δὲ
2081 4629 2229 4706 ἐπλησίαζε
2249 4639 2296 4690 καὶ

740 4722 829 4780 συνὼν
848 4727 968 4778 λαθιῖν“
987 4719 1123 4796 ε’πειριῖιο
1143 4717 1296 4793 ιηνἭραν
1314 4721 1361 4772 καί
1380 4713 1428 4772 τὸν
1445 4719 1561 4791 ἔλεγχον
1583 4721 1739 4790 μεταβολήν
1764 4719 1813 4773 ιε’
1831 4714 1956 4772 ἐποιεῖτο
1983 4719 2030 4791 της
2056 4725 2175 4788 φύσεως·
2213 4716 2297 4783 arole

741 4807 795 4884 γάρ
815 4807 828 4863 ό
848 4806 940 4870 Zeia·
959 4811 1006 4862 resi
1025 4805 1054 4862 τό
1079 4804 1200 4879 γεγονός
1219 4802 1379 4869 inversam
1398 4805 1502 4877 ζητῶν*
1522 4806 1561 4866 εἰς
1579 4805 1646 4875 βοῦν
1673 4803 1840 4877 μεταβάλλει
1866 4801 1917 4877 τιΙν
1941 4804 2102 4880 ἄνθρωπον.
2141 4809 2247 4880 τιμιόσα
2267 4809 2297 4862 δὲ

743 4895 757 4969 ι)
779 4898 822 4970 Γῆ
842 4893 891 4968 τιΙν
911 4896 959 4950 τοῦ
978 4892 1045 4956 Διός
1063 4892 1226 4968 ε’ριιηιιένηνὓ
1246 4891 1336 4953 ιῖνθος
1354 4888 1440 4965 depae
1461 4892 1506 4964 τῆι
1523 4890 1586 4963 βοῒ*
1606 4892 1759 4964 νέμεσθαι,
1785 4894 1832 4944 καὶ
1856 4889 1976 4963 γεγονός
1994 4889 2031 4946 de'
2049 4889 2137 4964 αόιην
2156 4891 2191 4952 ἐξ·
2209 4891 2295 4965 αὐτῆς

742 4980 906 5056 ὀνομάζεται
926 4985 973 5036 καί
991 4983 1071 5053 όηλοῖ
1087 4981 1135 5053 της
1153 4977 1237 5054 κόρης
1257 4976 1306 5040 τὰς
1325 4979 1408 5054 τόχας
1427 4987 1484 5040 τοῖς
1500 4977 1657 5053 χρώμασιν·
1689 4975 1891 5051 ἐρυθραίνεται
1909 4979 1964 5052 μὲν
1983 4977 2037 5052 γὰρ
2061 4974 2126 5034 οἶα1
2145 4978 2297 5053 παρθένος,

743 5069 915 5144 πυρφόρειαι
935 5068 965 5122 de'
983 5063 1027 5123 oia
1046 5069 1124 5138 βοός,
1150 5069 1329 5121 leunsinem
1355 5066 1385 5120 de*
1409 5066 1529 5139 datoris⁸
1552 5062 1613 5138 ιιΙν
1638 5065 1691 5126 εἰς
1714 5064 1828 5138 sinape
1859 5066 1917 5138 τῆς
1936 5065 2065 5138 κόρης·
2082 5063 2297 5139 μεταβολήν.

743 5152 792 5208 όσα
813 5175 840 5210 ιε
861 5153 1037 5228 βλαστήματα
1049 5157 1071 5184 ¹⁰
1089 5157 1230 5222 pairarat,
1250 5152 1372 5223 γέγονεν
1391 5149 1406 5224 η’
1425 5153 1497 5225 νυνι)
1509 5155 1539 5210 ¹¹.

873 5261 879 5288 ¹
899 5261 945 5312 καὶ
961 5261 1112 5313 aerioma
1131 5253 1176 5312 ἐπ.
1201 5245 1275 5327 ¹(r'eop
1295 5257 1299 5328 Ι
1323 5257 1381 5310 ’τε
1405 5275 1446 5311 om
1475 5261 1523 5312 Sea
1544 5256 1548 5327 Ι
1573 5253 1685 5316 ‘etate
1709 5252 1763 5328 γὰρ
1787 5249 1802 5308 ό
1826 5252 1898 5315 Zeira
1920 5274 1961 5309 om
1985 5257 2034 5308 Sea
2053 5253 2058 5326 Ι
2079 5257 2088 5283 ⁴
2109 5256 2198 5310 όοιιῶν
2223 5259 2272 5311 Seu
2293 5255 2297 5327 Ι

869 5341 949 5417 'tipo
966 5342 1006 5418 ἕρ.
1028 5363 1049 5400 τ.
1069 5347 1100 5400 Δ.
1122 5347 1194 5413 Geop
1216 5343 1221 5414 Ι
1243 5344 1254 5373 ⁸
1274 5339 1325 5415 τὴν
1342 5343 1410 5414 βοῦν
1429 5343 1522 5415 Geopl
1545 5341 1553 5372 ¹
1573 5337 1672 5414 chineo
1691 5361 1719 5396 π.
1738 5345 1810 5410 Geop
1832 5341 1837 5412 Ι
1859 5341 1935 5394 ’καὶ
1953 5343 2028 5395 λευκ.
2046 5341 2103 5413 aar.
2125 5346 2197 5412 Geop
2219 5345 2224 5416 Ι
2247 5343 2257 5370 '
2277 5361 2299 5396 τ.

870 5428 903 5487 ἐν
922 5430 1023 5486 ἄνθεσι
1044 5431 1091 5502 tris
1111 5451 1134 5485 κ.
1156 5433 1205 5484 Sea
1226 5428 1231 5500 Ι
1256 5431 1277 5458 ¹⁰
1296 5425 1346 5482 όσα
1367 5425 1396 5482 τὸ
1414 5427 1556 5501 μλάσιημα
1577 5435 1649 5498 Geop
1670 5429 1674 5499 Ι
1700 5431 1721 5458 ¹¹
1740 5429 1843 5500 γέγονε
1863 5427 1972 5499 γηγενῆ
1992 5430 2048 5484 Sea.
