5182 6666
1114 796 1186 862 XIII

661 981 739 1044 lecta
762 977 833 1042 Ioui
854 976 951 1052 redu,
973 995 1055 1057 quere
1077 982 1144 1040 tum
1167 998 1230 1042 uon
1253 980 1404 1046 Herculis
1427 983 1505 1047 actis

662 1081 746 1145 dura
767 1079 881 1158 magis,
903 1077 1014 1141 rubidi
1034 1097 1103 1140 σανα
1127 1080 1207 1142 cuttu
1228 1081 1387 1144 minantia
1409 1085 1542 1147 monstri

662 1187 789 1264 unqe-m
811 1185 839 1242 et
859 1179 998 1242 tumidas
1019 1177 1162 1242 arsimone
1183 1186 1370 1258 angustaret
1395 1183 1427 1246 in
1448 1189 1560 1248 artus·

662 1281 722 1345 leuc
742 1280 879 1344 saeuisse
900 1287 991 1342 tenus
1009 1279 1201 1364 papularum
1224 1281 1349 1366 incepta
1370 1289 1496 1346 tuorum

662 1380 824 1463 sufficiun
847 1386 949 1466 tuque,
972 1399 989 1444 a
1011 1381 1134 1444 cunctis
1156 1381 1277 1446 insuete
1299 1382 1425 1446 domari

663 1481 784 1546 solitus
805 1485 952 1544 aeternae
972 1479 1107 1564 largitur
1128 1483 1306 1570 corniperlt
1328 1483 1443 1562 undae,

663 1585 766 1648 laetus
788 1601 851 1659 eos,
874 1601 1061 1668 quacunque
1083 1581 1173 1645 clama
1193 1583 1299 1663 gelisia
1322 1603 1380 1646 ora
1403 1581 1532 1648 rescisis

663 1681 841 1746 immortale
859 1687 1001 1745 tumens:
1021 1701 1120 1762 neone
1141 1683 1225 1746 urim
1248 1681 1306 1744 tibi
1326 1703 1407 1746 cartu
1430 1688 1573 1767 repostas

663 1783 778 1846 turma
799 1783 887 1845 niues
909 1786 1059 1862 ratusque
1082 1782 1146 1848 alio
1167 1781 1206 1846 de
1225 1781 1314 1864 fonte
1337 1783 1482 1864 refundit

662 1903 758 1947 arcus
780 1901 882 1969 aquus
900 1883 1066 1964 grauidine
1086 1883 1251 1966 indulgent
1273 1883 1383 1948 nubila
1406 1885 1507 1964 cuceri,

663 1983 719 2048 sed
741 1991 825 2064 tures,
848 1989 876 2048 et
896 1981 981 2048 nulli
1001 1983 1073 2048 ruis
1096 1985 1318 2068 eaprrpnabilis
1340 1992 1434 2050 astro.

668 2085 711 2150 Te
729 2103 784 2148 uec
809 2085 996 2169 Apollineus
1014 2081 1129 2147 Luciau
1150 2105 1206 2148 uec
1225 2083 1375 2148 Xanthus
1395 2095 1523 2172 uterque

665 2184 898 2270 Sperchiusque
918 2185 1030 2247 minae
1049 2183 1306 2271 Centaureusque
1325 2185 1496 2268 Lpaorurus

660 2285 903 2372 praestiterint:
924 2290 958 2347 tu
978 2305 1057 2368 puae
1078 2285 1167 2362 oniti,
1188 2293 1221 2348 tu
1243 2285 1324 2349 nerle
1343 2285 1399 2350 sub
1422 2287 1494 2370 ipsu

665 2407 826 2451 armorum
849 2387 1012 2472 festasque
1035 2406 1130 2470 super
1154 2385 1345 2450 celelu‘udere
1367 2407 1500 2452 mensus.
1575 2423 1577 2427 ·

665 2487 714 2552 Ab
739 2487 811 2552 luae
826 2488 958 2572 primus
978 2486 1090 2550 boseus:
1113 2486 1203 2551 bellis
1225 2487 1314 2549 errario
1334 2485 1437 2550 laetus
1455 2495 1582 2568 ouantes

664 2589 813 2673 accipias,
835 2587 989 2668 fessisque
1008 2587 1107 2650 libens
1127 2587 1240 2650 iterum
1261 2587 1386 2672 hospita
1404 2588 1536 2672 perudus

660 2688 799 2766 liternino
822 2686 1030 2769 defensusque
1052 2687 1128 2750 uelis
1149 2707 1318 2766 unnenscare
1340 2688 1492 2752 turrrrust‘

362 2838 388 2904 7)
408 2837 540 2907 Corniger
557 2853 607 2906 pro
626 2836 701 2890 fluvii
720 2837 762 2890 rel
780 2835 865 2890 fontis
883 2835 934 2892 deo
953 2835 1057 2890 dietum
1076 2837 1189 2906 poetice,
1209 2840 1239 2889 at
1258 2835 1330 2889 idem
1350 2853 1399 2906 pro
1419 2836 1504 2892 ariete
1524 2837 1565 2891 rel
1582 2836 1677 2900 haedo.
1696 2839 1728 2890 ut
1746 2837 1859 2891 furcifer
1874 2854 1924 2906 pro
1939 2855 2027 2906 εαννο,

277 2922 420 2978 Caducifer
445 2941 495 2993 pro
513 2923 648 2978 Mercurio
676 2923 733 2988 (Or.
753 2923 828 2976 Fust.
849 2922 885 2974 IV
904 2923 981 2991 605),
1006 2923 1112 2992 laniger
1135 2939 1185 2992 pro
1205 2921 1250 2974 ori
1276 2923 1381 2983 (Manil.
1407 2923 1527 2991 11439),
1551 2923 1658 2992 sonipes
1681 2927 1709 2978 et
1731 2923 1855 2994 cornipes
1880 2941 1929 2994 pro
1954 2941 2026 2993 equo

276 3009 392 3078 (Statius
415 3011 493 3063 Theb.
512 3011 535 3062 V
554 3011 570 3064 3
589 3009 656 3062 VIII
678 3010 741 3063 157:
769 3009 880 3064 omnino
899 3009 1002 3064 Statim
1026 3009 1159 3065 eiusmodi
1185 3009 1315 3080 exemplis
1337 3010 1487 3076 abundat),
1513 3008 1575 3064 alia.
1618 3009 1691 3074 Quae
1719 3027 1773 3063 nan
1799 3009 2025 3079 adposuissemus,

276 3095 327 3150 nisi
346 3113 404 3150 rem
424 3100 549 3166 apertam
569 3095 718 3150 doctissimi
736 3094 848 3164 quidam
866 3093 1030 3166 interpretes
1047 3095 1179 3150 mutando
1194 3095 1223 3150 in
1243 3095 1340 3151 CulicIs
1360 3113 1436 3150 versu
1458 3097 1489 3149 15
1506 3095 1688 3151 abstulissent.
1727 3095 1781 3150 Ubi
1800 3098 1880 3150 decus
1895 3101 2026 3164 uste-iperi

276 3181 327 3250 (ita
345 3197 407 3236 cum
426 3181 472 3237 alii
491 3186 551 3236 tum
569 3182 666 3238 Bembi
684 3182 768 3238 codex
786 3181 915 3252 optimus)
935 3181 1069 3252 Apollinis
1089 3182 1163 3237 sedes
1182 3189 1303 3242 vocatur,
1322 3182 1362 3236 sul
1381 3181 1524 3250 nimirum,
1549 3182 1618 3238 caeli
1637 3181 1833 3237 lucidissimum
1852 3183 1941 3252 sidus,
1960 3201 2027 3253 quo·

275 3268 351 3324 nlam
370 3269 475 3339 volgari
494 3269 679 3325 Romanorum
698 3275 765 3324 tunc
782 3267 913 3339 temporis
932 3267 1061 3338 opinione
1081 3275 1146 3335 (non
1161 3269 1334 3327 Graecorum.
1353 3269 1425 3324 unde
1439 3285 1480 3324 ex.
1494 3287 1534 3340 gr.
1549 3268 1650 3340 pendet
1664 3269 1786 3324 Catullus
1800 3269 1884 3324 LXIV
1899 3271 1950 3324 298
1957 3271 2027 3340 sqq.)

275 3371 337 3409 cnm
355 3356 410 3410 sole
430 3355 535 3426 Apollo,
556 3355 644 3410 Diana
662 3373 723 3410 cum
741 3355 807 3410 Inna
824 3354 1072 3410 confundebantur.
1110 3355 1168 3425 lpse
1187 3355 1271 3411 Culex
1289 3355 1420 3424 372sqq.:

1140 3445 1197 3509 Epa
1216 3443 1289 3496 Ditis
1307 3459 1403 3511 opacas

737 3552 740 3560 ⁴
762 3545 839 3596 cogor
856 3531 935 3582 adire
952 3529 1028 3582 lucus
1046 3531 1141 3582 uiduus
1159 3533 1202 3594 (a)
1220 3531 1321 3582 tremine
1340 3531 1437 3582 Pduebi

761 3623 785 3667 et
803 3623 907 3668 austum
927 3616 1112 3682 Phlegethonta
1136 3619 1206 3684 pati,
1225 3633 1285 3684 qua,
1304 3620 1420 3669 neaaiuu
1442 3617 1540 3684 Minus,

761 3703 936 3754 euneeterueu
950 3705 1002 3770 piu
1021 3703 1154 3755 discernis
1173 3705 1278 3754 uincula
1297 3704 1365 3755 sede.

275 3803 426 3868 Astriseros
444 3820 509 3856 aare
527 3802 630 3858 Statius
652 3805 729 3858 fieb.
750 3804 813 3857 I'lll
832 3805 874 3859 83.
915 3803 1034 3859 Omnino
1053 3805 1203 3861 carendum
1223 3806 1251 3860 in
1271 3805 1360 3860 Culica
1385 3809 1434 3869 est,
1453 3823 1487 3860 ne
1513 3803 1656 3859 atraditis
1683 3803 1803 3858 discedas
1827 3802 1951 3859 criticam
1971 3804 2025 3858 fac·

276 3889 361 3942 turus.
399 3887 483 3942 Velut
501 3889 554 3943 Lea
573 3889 639 3945 fecit
657 3889 813 3958 rectissime,
831 3891 904 3960 quod
924 3891 953 3944 in
972 3908 997 3944 v.
1015 3891 1066 3944 262
1074 3909 1131 3961 sqq.
1151 3889 1251 3946 inferos
1269 3891 1484 3946 describentibus

449 3995 451 4000 ·
1120 3980 1235 4032 Alcestis
1251 3981 1284 4032 ab
1303 3982 1377 4032 amni

761 4067 891 4118 inuiolata
910 4071 987 4118 uuam
1005 4083 1081 4134 uera,
1099 4067 1170 4134 qnod
1186 4083 1265 4118 saeua
1284 4067 1379 4118 nmriti

761 4154 790 4204 in
813 4153 1000 4205 Clrutcodoniis
1018 4153 1126 4204 Admeti
1143 4169 1210 4204 curu
1229 4159 1334 4205 moratu
1354 4159 1391 4204 est

277 4267 344 4303 curu
363 4249 479 4305 alterum
504 4252 675 4307 emendanda
694 4253 787 4308 tollere
807 4254 909 4318 noluit,
935 4255 1005 4310 male
1024 4254 1085 4318 alii,
1110 4253 1181 4323 quod
1200 4257 1260 4322 suto
1279 4255 1468 4310 restituebant.
1519 4253 1573 4308 Nos
1590 4248 1711 4310 ‘Curam’
1729 4255 1808 4308 deam
1838 4253 2024 4323 intellegimus

278 4334 322 4402 (de
339 4353 395 4404 qua
415 4339 548 4406 Orpheum
568 4343 692 4393 nostrum
710 4359 737 4410 p.
756 4340 853 4410 220sq.
872 4340 1010 4411 inspIcias)
1030 4345 1058 4396 et
1076 4345 1205 4395 mantuus
1226 4371 1256 4381 -
1275 4344 1417 4394 Admetum
1436 4340 1571 4396 reficimus
1590 4359 1639 4395 nac
1657 4341 1759 4395 distare
1778 4339 1866 4394 lusum
1886 4337 2023 4394 verbalem

277 4421 356 4488 (auru
375 4452 408 4461 —
432 4425 517 4491 Cura)
537 4441 554 4480 a
572 4425 670 4496 puerili
687 4426 825 4496 scriptoris
842 4427 954 4498 ingenio
972 4426 1166 4482 existimamus.
1210 4427 1335 4482 Ceterum
1360 4427 1451 4498 priore
1477 4427 1528 4482 isto
1554 4429 1611 4482 Ioco
1628 4427 1710 4482 Culex
1729 4425 1874 4481 Horatium
1893 4425 2025 4497 expressit

276 4524 387 4562 carmen
405 4509 542 4565 saeculare
560 4510 601 4566 ita
619 4511 813 4568 incubantem:

762 4601 860 4654 Hroelre
875 4602 1059 4668 mearumque
1072 4608 1169 4668 patens
1187 4602 1287 4668 Diana,

760 4689 881 4741 lucidum
898 4690 966 4741 caeli
983 4690 1070 4755 (ἰαναε,
1089 4705 1105 4742 a
1123 4689 1227 4742 colendi

762 4791 866 4844 suuper
883 4783 907 4828 et
924 4777 997 4828 uuiti.

278 4869 387 4926 Corruit
404 4871 490 4942 igitur
515 4877 640 4929 Asteriae
663 4892 713 4946 pra
732 4881 862 4945 astrigeri
881 4877 1070 4948 Hauptianum
1096 4878 1224 4932 amultis
1242 4877 1386 4934 immodice
1404 4877 1589 4934 collaudatum
1617 4879 1723 4946 (suapte
1747 4875 1820 4930 enim
1848 4879 1949 4930 natura
1975 4875 2026 4929 hoc

278 4955 388 5023 quidem
413 4957 472 5013 loco
488 4976 646 5030 perversum
663 4967 731 5018 esset
748 4964 854 5018 collatis
876 4965 996 5019 versibus
1017 4967 1058 5020 II.
1080 4965 1121 5031 ta)
1141 4965 1259 5020 veritate
1278 4965 1390 5020 iamiam
1409 4968 1526 5036 reperta.
1548 4995 1581 5005 —
1600 4962 1688 5018 Simili
1707 4961 1818 5016 ficentia
1843 4961 1951 5032 poetica
1977 4962 2025 5014 Ar-

279 5045 385 5097 cturum
405 5045 531 5116 (booten)
549 5047 703 5104 Heraclitus
731 5039 821 5120 (einer
839 5051 954 5124 αἰθρίου
973 5047 1040 5111 Διός
1060 5051 1168 5105 vocavit
1192 5051 1223 5105 fr.
1243 5051 1319 5104 XXX
1339 5052 1414 5122 Byw.
1432 5046 1582 5108 ‘custodem
1599 5045 1677 5106 ceeli'
1701 5051 1743 5105 vel
1769 5067 1877 5114 aarum,
1901 5065 1972 5118 quae
1997 5047 2026 5102 in

278 5129 352 5182 caela
376 5135 456 5196 sunt,
481 5135 623 5190 stellarum
650 5139 731 5206 (quae
749 5138 883 5206 plurimae
909 5133 970 5192 κατ’
989 5133 1056 5209 ἠέρα
1075 5137 1270 5206 annuntiarent
1296 5137 1457 5194 Callim.1n
1483 5141 1579 5194 Delum
1602 5139 1655 5204 76).
1694 5137 1765 5192 Nam
1792 5152 1894 5190 errasse
1922 5133 2025 5188 dudum

278 5215 462 5284 perspeximus
479 5219 710 5278 Teicbmllllerum
728 5225 801 5277 Neue
821 5225 933 5278 Studien
952 5225 964 5278 l
982 5243 1008 5294 p.
1029 5225 1076 5286 14,
1095 5223 1286 5294 Gompernium
1308 5227 1393 5280 Retat.
1412 5228 1488 5280 acad.
1514 5227 1624 5279 I'indob.
1647 5225 1712 5278 teas
1730 5242 1757 5293 p.
1778 5223 1860 5288 1047,
1880 5219 2026 5274 Patauium

280 5302 375 5370 Prope.
395 5304 501 5360 Monac.
521 5307 588 5363 1885
605 5327 632 5379 p.
651 5309 712 5372 36¹,
731 5309 804 5365 Max.
822 5311 967 5367 lllttllerum
988 5313 1168 5378 Varlesunuen
1188 5313 1252 5364 uter
1270 5313 1313 5364 die
1339 5313 1416 5366 Wiss.
1435 5315 1484 5366 der
1506 5313 1625 5381 Spruclre
1645 5309 1685 5364 11¹
1703 5329 1730 5382 p.
1748 5311 1813 5372 397,
1833 5308 1901 5363 allos
1917 5307 2026 5361 multos.

279 5379 296 5434 ’ἶ
317 5387 365 5448 τᾶς
381 5393 501 5462 σφαίρας
517 5391 601 5458 iteris
620 5395 653 5452 ds
670 5397 804 5453 sideribus
823 5395 955 5472 (οὔρανῶι
976 5397 1104 5452 ἕλκονται
1123 5397 1200 5453 Aret.
1220 5399 1263 5468 20)
1282 5399 1387 5468 poetice
1405 5400 1542 5455 Philolaus
1561 5399 1635 5454 Stub.
1655 5415 1681 5468 p.
1704 5397 1734 5452 18
1755 5397 1798 5452 W.
