5182 6666
1095 775 1138 839 lx

642 957 775 1037 πότνια,
799 961 869 1030 πῶς
891 957 920 1021 o'
943 953 1102 1020 ἐδύναντο
1124 952 1226 1028 πόδες
1248 962 1345 1036 φέρεν
1368 954 1436 1018 ἔστ’
1457 955 1513 1017 ε’πλ
1537 954 1679 1036 δοθμιίς,

642 1058 711 1123 ἔστ’
734 1058 790 1122 ἐπὶ
812 1058 874 1131 τολς
895 1055 1037 1137 μέλανας
1057 1055 1112 1118 καὶ
1129 1051 1200 1118 ὅπα
1223 1055 1266 1118 τοὶ
1284 1054 1408 1135 χρύσεα
1430 1055 1541 1135 μᾶλας

642 1157 682 1223 od
703 1163 776 1232 πίες
797 1157 867 1222 odd’
889 1153 941 1236 ἄρ’
962 1157 1033 1230 stag
1053 1158 1152 1240 τῆνον
1172 1155 1290 1236 χρόνον
1311 1155 1389 1220 oridt
1409 1156 1543 1232 λοίσσα.

642 1259 709 1340 τρὶς
731 1261 793 1339 μὲν
814 1258 856 1344 δή
878 1259 989 1338 διεβας
1009 1253 1173 1337 Ἀχελολιον
1194 1257 1420 1337 ολργοροδίνοιν,

643 1358 783 1424 τοσσάκι
804 1357 833 1420 d’
854 1356 985 1420 αἐνοὶων
1005 1359 1166 1436 ποταμῶν·
1187 1357 1352 1437 ἐπείρασας
1373 1357 1520 1436 ἕκαστον,

645 1459 713 1539 τρὶς
736 1457 765 1521 δ’
786 1457 844 1520 ἐπὶ
866 1456 957 1520 καλλι
1000 1503 1531 1522 ...........

645 1558 814 1624 allamma
835 1553 963 1630 ἄποτος
986 1556 1097 1618 τεκαὶ
1118 1556 1157 1620 οὐ
1180 1554 1280 1638 φάγες
1301 1555 1379 1620 otte
1400 1556 1532 1621 λοέσσα.

242 1683 330 1747 Idem
354 1679 570 1746 Callimachus
591 1678 705 1744 eodem
728 1675 871 1741 carmine
901 1673 979 1738 illud
1009 1673 1049 1738 de
1077 1677 1257 1756 mystarum
1291 1673 1407 1738 ieiunio
1430 1673 1534 1736 αἴτιον
1562 1674 1666 1756 tetigit
1694 1678 1851 1757 tanquam
1874 1678 1996 1754 notum,

246 1783 333 1866 quod
354 1802 393 1846 ex
414 1781 529 1847 Ouidio
550 1797 649 1862 supra
670 1775 836 1841 attulimus
859 1773 1002 1856 (lsqq.):

637 1892 800 1974 Ἕσπερος
822 1891 858 1954 εἰι
879 1897 1004 1972 νεηέωι·
1025 1889 1193 1974 ἐσκέψατο
1214 1888 1352 1971 (πανίκα
1374 1893 1477 1952 νεῖται
1484 1889 1520 1971 ς),

636 1991 807 2074 Ἕσπερος,
829 1985 908 2054 ὅστε
930 1993 1019 2052 πιεῖν
1040 1987 1220 2069 Δαμάτερα
1241 1993 1348 2069 μιόνος
1369 1991 1511 2067 ἔπεισεν,

648 2093 837 2175 ἀρπαγίμας
858 2087 905 2154 ‘dx’
926 2085 1064 2154 ἄπιστα
1086 2097 1277 2170 μετίστιχεν
1299 2089 1386 2170 ἴχνια
1405 2089 1519 2170 κωρας.

346 2210 515 2276 ‘Cererem’
537 2211 681 2276 distichis
703 2210 876 2292 scripserat
899 2207 1049 2272 Philetas.
1100 2206 1203 2284 Qu'em
1231 2225 1355 2271 errores
1376 2207 1457 2272 deae
1478 2211 1510 2272 et
1532 2207 1660 2272 errandi
1683 2226 1815 2273 causam
1838 2227 1877 2272 ac
1899 2206 1996 2272 linem

247 2311 448 2393 complexum
470 2311 565 2376 luisse
588 2329 605 2374 e
628 2310 756 2375 duabus
776 2307 928 2372 carminis
950 2306 1090 2389 reliquiis
1114 2307 1346 2371 consectarium
1369 2311 1426 2371 est.
1470 2308 1520 2372 Fr.
1544 2307 1599 2388 3⁸)

656 2429 714 2489 νῦν
734 2425 763 2486 d’
785 2423 849 2487 αἰεὶ
870 2432 995 2500 πέσσω,
1018 2423 1057 2485 cd
1079 2421 1108 2484 δ’
1127 2421 1260 2497 α’ίξεται
1279 2419 1360 2486 ἄλλο
1382 2430 1495 2504 νεωρίς

737 2528 847 2610 πῆμα·
892 2526 993 2586 κακοῦ
1013 2523 1042 2586 d’
1063 2519 1156 2586 olna
1176 2527 1316 2604 γίγνεται
1333 2523 1450 2608 ἡσυχίη

247 2634 344 2698 Ceres
372 2635 435 2707 est,
462 2651 546 2714 quae
568 2629 710 2696 dolorem
742 2607 973 2712 sempitermim
1004 2630 1175 2713 concoquit
1207 2649 1267 2694 nec
1296 2629 1455 2695 malorum
1484 2629 1625 2712 quietem
1654 2629 1850 2694 nanciscitur
1871 2633 1902 2692 et
1930 2627 1996 2693 lata

246 2736 377 2798 enarrat
397 2736 429 2797 et
449 2751 507 2796 sua
530 2737 561 2796 et
582 2731 666 2795 filiae
689 2730 742 2808 iis,
772 2730 860 2812 apud
882 2750 963 2813 quos
991 2730 1124 2795 tandem
1154 2730 1304 2796 simulata
1334 2749 1399 2796 anu
1421 2729 1612 2808 devertitur,
1641 2729 1821 2812 hospitibus
1842 2729 1994 2792 nimirum

246 2831 418 2895 Eleusiniis.
468 2831 547 2895 ltem
570 2829 728 2895 Ovidiana
751 2829 861 2894 fabula
884 2830 1061 2913 (atasqqt
1113 2829 1208 2894 Celeo
1237 2830 1320 2894 enim
1345 2830 1422 2912 quid
1444 2829 1541 2894 iaciat
1561 2831 1597 2894 ιἰι
1617 2829 1693 2894 solis
1714 2829 1899 2894 incomitata
1921 2825 1996 2892 locis

246 2929 418 2995 sciscitanti
443 2930 524 2995 haec
548 2930 630 2995 inter
650 2930 737 2994 riam
761 2929 823 2994 dea
845 2929 1035 3012 respondet:

656 3027 767 3114 Sospes
788 3050 841 3094 cos
862 3050 1043 3115 occuperque
1060 3031 1202 3114 parcns!
1230 3028 1317 3093 Mitt
1336 3029 1407 3110 filio
1430 3035 1527 3112 rapta
1549 3035 1604 3096 cst.

739 3129 822 3206 Heu,
844 3131 955 3194 melior
976 3136 1094 3211 ηιιοιιίο
1115 3149 1185 3193 sors
1207 3137 1263 3194 tun
1284 3137 1367 3194 sorte
1387 3151 1456 3194 mea
1479 3131 1544 3196 cst!

247 3229 462 3311 Respondisse
484 3229 613 3294 Celeum
636 3228 814 3294 solaturum
838 3229 1014 3312 probabile.
1058 3230 1105 3294 Ac
1128 3229 1223 3294 luisse
1246 3230 1278 3294 in
1300 3231 1460 3312 responsis
1481 3229 1561 3296 haec
1581 3230 1630 3312 (tr.
1656 3231 1682 3296 1.
1702 3228 1735 3312 λ)
1747 3228 1772 3312 ⁴)

656 3327 725 3392 ἀλλ’
747 3325 794 3392 ὅτ’
818 3329 874 3392 ἐπὶ
888 3325 1002 3410 χρόνος
1023 3329 1128 3412 ἔλθηι,
1146 3327 1180 3404 ὃς
1202 3330 1237 3392 ἐκ
1258 3332 1335 3402 Διός
1354 3329 1455 3412 ἄλγεα
1473 3341 1611 3398 πίσσειν

738 3427 862 3508 ἔλλαχε,
883 3430 937 3492 καί
961 3433 1116 3492 πενθέων
1138 3429 1297 3512 φάρμακα
1318 3433 1437 3512 μοῦνος
1458 3432 1540 3511 ἔχει·

656 3528 709 3590 καὶ
731 3526 793 3610 γάρ
813 3550 861 3600 τις
878 3527 1004 3607 μελέοιο
1025 3527 1266 3610 κορεσσάμενος
1287 3530 1473 3612 κλαυθμοῖο

738 3625 840 3713 κη’δεα
864 3627 1015 3692 δειλαίων
1037 3620 1124 3692 εἷλεν
1145 3629 1216 3693 α’πό
1240 3631 1427 3710 πραπίδων,

247 3754 286 3797 ex
309 3733 422 3798 iterato
444 3728 545 3814 ἄλγεα
564 3741 703 3798 πεσσειν
732 3734 832 3820 (quod
863 3735 994 3800 Homeri
1016 3735 1118 3800 Niobe
1139 3737 1373 3820 suppeditavit:
1403 3741 1494 3801 θεῶν
1522 3737 1557 3800 ἐκ
1584 3737 1686 3824 κήδεα
1715 3745 1834 3802 πέσσει
1865 3739 1895 3800 Ω
1923 3737 1995 3818 617)

247 3837 362 3916 sponte
384 3833 550 3914 colligitur.

349 3933 488 3998 Tantum
511 3934 551 3998 de
570 3933 703 3999 ‘Fastis'.
744 3933 1066 4016 ‘Metamorphoseon’
1087 3937 1169 4002 libro
1190 3937 1303 4020 quinto
1325 3938 1440 4003 iterum
1465 3938 1505 4004 de
1533 3942 1629 4020 raptu
1650 3935 1862 4018 Proserpinae
1884 3953 1997 3998 narra·

248 4033 423 4098 tiunculam
445 4032 579 4097 Ovidius
601 4034 733 4099 inseruit
755 4034 807 4098 vix
830 4033 1006 4112 diversam,
1037 4037 1093 4100 sed
1113 4037 1320 4102 multifariam
1341 4038 1559 4120 copiosiorem.
1608 4037 1817 4118 Auguramur
1843 4034 1918 4098 hinc
1948 4053 1996 4110 ea,

248 4151 332 4213 quae
354 4131 498 4196 Philetae
520 4133 653 4196 carmini
677 4133 835 4197 e'l'astis'
858 4133 1080 4214 retribuimus,
1105 4136 1262 4220 suppleri,
1290 4137 1347 4202 sed
1369 4137 1581 4202 demonstrari
1612 4136 1643 4200 in
1672 4135 1734 4200 hac
1764 4154 1799 4199 re
1827 4134 1881 4198 vix
1908 4133 1997 4215 quic·

248 4251 345 4312 quam
369 4250 461 4313 posse
483 4233 679 4312 putamusu.

348 4378 374 4444 3)
396 4377 436 4432 cl.
455 4377 586 4433 Stobacuc
614 4381 715 4432 Flora.
735 4379 770 4432 ll'
790 4397 817 4450 p.
837 4381 869 4434 15
888 4379 1014 4436 Mainake
1032 4378 1157 4450 (Φιλητιῖ
1175 4377 1341 4454 Δήμητρος).

349 4463 377 4530 4)
398 4465 500 4516 Ιίιίιίαιι
521 4481 548 4534 p.
568 4463 626 4518 132.
662 4464 787 4520 Disticha
804 4465 996 4522 coniunximus
1015 4467 1044 4522 in
1063 4467 1179 4522 Stobaao
1196 4471 1332 4538 separata.

352 4551 378 4603 bl
399 4549 561 4604 Arethusam
581 4551 745 4606 memorarit
763 4557 846 4621 poeta
863 4569 1017 4623 anonymus
1036 4553 1069 4607 fr.
1089 4553 1139 4607 320
1158 4553 1238 4608 Schn.
1256 4547 1437 4627 Ὑπερηῑάίος
1455 4547 1624 4625 Ἀρεθούσης.
1665 4548 1736 4604 Item
1755 4545 1870 4602 Ovidius
1889 4551 1997 4603 Meam.

248 4637 269 4686 t'
289 4637 340 4690 409
349 4655 407 4706 sqq.
443 4636 486 4690 Fr.
505 4653 550 4691 an.
568 4637 602 4690 ol
622 4632 676 4708 θοὴ
696 4634 724 4690 d'
744 4631 894 4697 ὑπεδέξατο
917 4639 990 4693 Γαῖα
1008 4657 1070 4694 σοιν
1089 4637 1179 4694 Ovidii
1200 4639 1319 4694 versibus
1337 4639 1388 4694 423
1396 4657 1436 4710 sq.
1455 4637 1639 4711 copulaveris:

736 4731 884 4784 Iomnium
906 4733 995 4784 Tellus
1012 4733 1042 4784 ιἰι
1064 4733 1184 4785 Tartaro
1202 4733 1266 4798 fecit

666 4823 689 4868 et
709 4833 815 4884 μνοιιοε
837 4835 939 4870 currus
956 4819 1042 4870 medio
1060 4825 1166 4872 cratere
1184 4820 1290 4886 recepit.

249 4896 404 4968 Stephanus
422 4897 487 4966 Bya.
506 4915 528 4954 a.
547 4917 568 4952 ο.
592 4897 699 4962 strate
719 4919 734 4957 e
754 4901 864 4956 Phileto
882 4901 933 4957 hoc
951 4901 1236 4972 protestationum:

669 4987 777 5048 Φλιοῦς
795 4983 851 5059 γὰρ
871 4987 951 5049 πόλις
970 4985 1035 5054 ἐστι’,
1053 4987 1197 5044 Διωνύσου
1215 4991 1295 5058 φίλος
1315 4987 1373 5050 οἰός

739 5073 829 5136 Φλίας
849 5070 882 5146 ἣν
900 5070 985 5135 αὐτὸς
1001 5074 1118 5147 δείματα
1136 5073 1315 5144 λεοκιλλοφον.

249 5159 315 5215 Cum
334 5161 466 5231 Dysaules
484 5159 557 5216 Celei
575 5161 661 5216 irater
679 5160 829 5216 Phliasium
839 5161 943 5217 Cereris
961 5161 1122 5232 religionem
1140 5161 1291 5218 condidisse
1302 5161 1465 5227 crederetur,
1483 5161 1542 5218 ficri
1558 5161 1657 5232 potuit
1676 5163 1708 5215 ut
1725 5157 1760 5214 da
1774 5157 1855 5214 rebus
1869 5153 1997 5212 Phliasiis

249 5246 371 5302 Philetas
389 5247 417 5302 in
434 5243 551 5304 'Cerere'
567 5247 701 5302 nonnulla
720 5252 877 5318 exponeret.
897 5278 929 5288 -
950 5247 1072 5316 Denique
1096 5248 1129 5302 fr.
1146 5249 1178 5302 13
1197 5248 1323 5306 Philotae
1346 5249 1431 5314 (Stob.
1451 5251 1530 5304 Flor.
1548 5247 1586 5302 IV
1605 5266 1631 5318 p.
1651 5247 1683 5301 la
1702 5243 1750 5314 Μ.)
1776 5243 1929 5316 πτοιοῦμαι
1948 5261 1995 5296 πο·

248 5332 319 5386 λε’ων
336 5335 419 5404 γαίης
438 5328 507 5406 ὅπερ
527 5329 574 5405 ἡδὲ
592 5331 734 5405 θαλάσσης
753 5335 809 5390 κτλ.
826 5351 881 5404 quo
899 5337 1003 5404 specta
1020 5333 1162 5390 nescimus.
