5182 6666
1396 761 1466 826 XIV

557 960 764 1026 Arbitramur
786 973 851 1018 non
873 947 1035 1032 ‘aliquem'
1057 967 1075 1012 e
1098 945 1228 1028 Septem
1250 941 1326 1020 illis,
1348 945 1385 1007 ut
1405 941 1494 1024 apud
1515 941 1655 1007 Statium
1684 943 1732 1006 est
1751 939 1899 1016 dictionis
1919 939 2110 1008 Homericae
2130 943 2193 1008 hac
2221 944 2254 1008 in
2276 965 2311 1010 re

554 1063 749 1127 imitatorem
773 1041 851 1136 (aida
873 1051 913 1114 δέ
934 1072 981 1122 τις
1003 1043 1180 1126 εἴπεσκεν),
1204 1044 1261 1108 sed
1281 1043 1397 1108 ducem
1413 1043 1519 1125 ipsum
1536 1042 1713 1107 Adrastum
1732 1039 1925 1106 versiculum
1940 1040 2037 1106 istum
2057 1041 2310 1108 Callimacheum

554 1167 587 1228 et
616 1179 701 1244 quae
723 1157 934 1239 sequerentur
954 1146 1197 1232 pronuntiasse,
1225 1142 1413 1226 praesertim
1438 1160 1511 1206 cum
1540 1161 1625 1224 quae
1654 1139 1805 1204 laudatur
1831 1158 1918 1222 aqua
1938 1139 2100 1206 Nemeaea
2125 1160 2243 1206 nomen
2267 1144 2309 1208 ab

554 1263 697 1328 Adrasto
719 1263 876 1338 tanquam
897 1252 1061 1333 repertore
1083 1243 1171 1327 apud
1192 1247 1290 1308 testes
1318 1241 1477 1324 quosdanr
1500 1241 1662 1323 accepisse
1688 1238 1856 1321 teratur0).
1906 1239 2039 1323 Singula
2069 1241 2217 1307 Statiani,
2245 1261 2311 1308 non

555 1365 758 1446 praestamus
780 1374 841 1420 nec
859 1368 1027 1430 moramur
1047 1364 1134 1411 nunc
1156 1342 1288 1425 quidem
1309 1341 1436 1406 diutius.

659 1461 796 1526 Restant
818 1451 975 1536 Propertii
998 1467 1109 1514 versus
1131 1449 1171 1512 35
1192 1463 1257 1525 sq.:

957 1575 1053 1650 atquc
1077 1568 1172 1631 ctiam
1193 1571 1229 1627 at
1252 1561 1392 1643 Phrygia
1411 1557 1518 1641 fallax
1538 1557 1737 1621 Maeandria
1759 1577 1868 1641 campa

1040 1673 1127 1733 errat
1147 1673 1176 1729 ct
1196 1665 1268 1744 ipsa
1289 1681 1367 1726 suas
1389 1659 1505 1744 decipit
1526 1657 1617 1722 nnw
1637 1657 1714 1720 aias.

558 1793 719 1876 Phrygiae
742 1789 868 1855 fabulae
891 1789 1118 1869 argumentum
1140 1803 1223 1849 unus
1246 1779 1421 1846 divinando
1450 1780 1615 1842 assecutus
1637 1777 1746 1839 estex
1775 1770 1912 1854 epistula
1935 1768 2095 1835 Ouidiana
2112 1770 2156 1834 IX
2177 1771 2218 1836 53
2240 1791 2310 1854 sqq.

558 1891 786 1973 Hertzbergins
808 1890 833 1971 (l
854 1911 886 1973 p.
914 1887 995 1968 197).
1039 1885 1155 1951 Scribit
1177 1884 1220 1948 ibi
1242 1883 1284 1946 ad
1306 1879 1476 1945 Herculem
1497 1875 1663 1942 Deianira:

952 2008 1034 2086 Una,
1056 2023 1163 2070 recens
1185 2001 1313 2077 crimen,
1336 1996 1493 2079 referetur·
1512 1995 1662 2059 adultera
1682 1990 1781 2070 nabis,

1029 2107 1114 2174 ande
1136 2125 1188 2186 epa
1210 2121 1281 2166 sam
1303 2097 1393 2181 Lyda
1411 2096 1501 2173 facta
1522 2112 1657 2159 novara
1679 2089 1790 2154 Lama.

948 2208 1161 2284 Maeandros,
1185 2201 1280 2268 terris
1301 2201 1414 2265 totiens
1435 2201 1560 2261 errator
1579 2195 1614 2258 in
1637 2192 1748 2269 isdem,

1030 2309 1087 2390 qni
1108 2305 1211 2369 lassas
1231 2303 1267 2366 in
1287 2321 1320 2366 ac
1340 2319 1433 2383 saepe
1453 2299 1610 2381 retorquet
1629 2309 1741 2374 aquas,

948 2409 1028 2475 vidit
1049 2409 1083 2472 in
1105 2402 1260 2470 Herculea
1281 2420 1435 2485 suspensa
1458 2394 1591 2460 monilia
1613 2393 1699 2470 collo,

1031 2507 1095 2583 illc,
1114 2506 1167 2572 cai
1187 2503 1309 2570 caelant
1330 2500 1463 2565 sarcina
1477 2516 1583 2582 perna
1603 2493 1677 2576 fad.

949 2609 1023 2674 Nan
1036 2607 1156 2694 puduit
1176 2604 1271 2688 fortis
1292 2621 1373 2665 arcera
1394 2599 1533 2666 cohihere
1555 2595 1688 2661 lacertos

1033 2717 1060 2774 ct
1082 2708 1192 2774 solidis
1209 2723 1348 2790 pensinae
1370 2699 1548 2786 apposuisse
1570 2697 1656 2761 toria.

562 2832 743 2916 Omphalae
766 2834 796 2896 et
820 2829 967 2894 Herculis
987 2847 1130 2893 amorem
1153 2844 1171 2888 e
1192 2823 1367 2904 longinquo
1389 2838 1427 2884 ex
1455 2818 1630 2882 alterautra
1651 2814 1762 2894 poeta,
1793 2808 1858 2872 sive
1880 2804 2078 2871 Callimacho
2098 2823 2155 2868 sea
2176 2801 2311 2878 Phileta,

560 2933 745 3014 Propertius
774 2929 1047 2995 commemoravit.
1098 2928 1163 2994 Nos
1184 2917 1444 3006 praeoptandam
1466 2916 1625 2981 Philetam
1648 2911 1809 2986 ducimus,
1838 2907 1958 2990 quippe
1979 2904 2069 2968 cuius
2096 2921 2196 2967 unum
2226 2903 2312 2966 certe

563 3037 784 3116 exspectemus
805 3051 822 3094 e
845 3031 948 3094 tribus
969 3049 1037 3094 esse
1058 3029 1286 3111 argumentum
1309 3021 1470 3106 poeticum
1491 3013 1679 3082 necessario.
1723 3009 1807 3074 Hinc
1824 3007 1863 3072 de
1881 3005 2026 3070 Philetae
2041 3001 2229 3085 ‘Omphale‘,
2253 3000 2313 3066 nisi

564 3133 690 3215 egregie
721 3131 860 3196 fallimur
889 3128 1127 3214 ratiocinando,
1165 3129 1198 3192 in
1229 3125 1414 3190 universam
1445 3116 1612 3183 constabit.
1669 3110 1868 3177 Servientem
1898 3106 1994 3188 igitur
2024 3103 2161 3186 cupidae
2188 3099 2313 3166 mulieri

563 3233 734 3298 Herculem
751 3232 795 3296 ita
807 3230 949 3296 Philetas
965 3229 1187 3311 descripserat,
1209 3229 1246 3290 ut
1262 3224 1304 3290 ad
1320 3226 1446 3286 ostenta
1462 3217 1624 3302 quaedam
1639 3210 1810 3286 naturalia,
1832 3206 1936 3291 qualis
1949 3205 2050 3270 flexus
2067 3207 2115 3268 est
2130 3200 2313 3276 Maeander,

564 3333 814 3415 exspatiaretur:
843 3334 1007 3412 περίεργος
1029 3329 1089 3410 γάρ
1111 3329 1146 3390 ἐν
1167 3327 1292 3398 τούτοις
1320 3323 1359 3386 de
1381 3321 1434 3384 illo
1455 3317 1636 3398 Antigonus
1657 3311 1822 3393 Carystius
1844 3305 2000 3392 (Orpheae
2022 3323 2053 3386 p.
2077 3301 2160 3380 295).
2203 3299 2315 3380 Neque

566 3433 652 3498 solus
674 3433 718 3497 ita
748 3451 806 3495 nec
837 3431 959 3514 primus
986 3433 1154 3512 poetaram
1182 3426 1333 3491 Philetas.
1378 3421 1449 3499 Qua
1473 3419 1513 3482 de
1535 3437 1569 3482 re
1590 3416 1724 3497 possunt
1744 3407 1899 3474 nonnulla
1920 3403 2027 3470 doceri
2050 3401 2132 3466 scitu
2155 3397 2244 3464 haud
2266 3397 2314 3460 in·

565 3535 681 3615 digna,
709 3533 765 3598 sed
796 3552 895 3596 unum
926 3551 1012 3596 nunc
1040 3529 1171 3613 quidem
1196 3525 1353 3592 delibasse
1382 3521 1459 3585 satis
1479 3516 1680 3582 habebimus.
1721 3511 1757 3574 ln
1778 3505 1990 3574 Anacreontis
2018 3501 2119 3583 elegia
2142 3496 2315 3563 versiculos

565 3635 687 3717 aliquot
716 3633 757 3696 de
787 3632 875 3696 caelo
896 3631 1022 3696 stellato
1050 3631 1149 3695 lectos
1177 3628 1272 3693 fuisse
1293 3624 1439 3706 Hyginus
1468 3611 1601 3684 tradidit
1628 3611 1717 3679 testis
1747 3609 1887 3692 locuples
1913 3607 1946 3670 in
1970 3600 2174 3668 Astranamia
2203 3617 2235 3680 p.
2256 3596 2315 3660 Ab:

565 3735 640 3799 Hac
661 3735 756 3798 etiarn
777 3733 935 3796 decanea
957 3731 1105 3797 nonnulli
1128 3731 1266 3814 Lyram,
1289 3746 1368 3812 picae
1381 3723 1532 3809 prosimu
1554 3717 1694 3798 cisiano
1717 3705 1924 3794 (Ingenicula)
1947 3711 1993 3770 est
2013 3701 2181 3776 collocata,
2206 3694 2316 3762 Thesei

570 3854 636 3898 esse
657 3834 824 3910 dicernat,
854 3832 938 3914 qaod
959 3836 994 3894 nt
1015 3831 1160 3896 eraditus
1180 3827 1266 3894 ornni
1284 3845 1395 3911 genere
1416 3821 1536 3886 artium
1560 3820 1666 3900 lyram
1686 3831 1809 3896 quoqne
1828 3807 1977 3874 didicisse
1997 3801 2171 3869 uidebatur.
2214 3795 2316 3878 ldqac

569 3943 596 3999 ct
617 3935 785 3998 Anacreon
810 3933 904 3996 dicit:

1090 4029 1192 4110 ἀγχοῦ
1213 4026 1242 4088 δ’
1265 4024 1418 4105 Alyar'dcco
1441 4025 1565 4103 &patae
1587 4015 1659 4081 ἐστὶ
1682 4011 1786 4093 Λύρη.

567 4149 750 4232 Ingenicula
770 4149 952 4232 proximum
970 4147 1071 4211 videri
1085 4148 1187 4229 Lyrae
1206 4145 1295 4209 sidus
1315 4141 1429 4225 quodsi
1444 4142 1592 4204 Anacreo
1606 4133 1694 4208 dixit,
1716 4127 1907 4212 particulam
1925 4124 2012 4186 certe
2028 4118 2107 4184 caeli
2123 4113 2318 4195 descriptam

567 4250 677 4316 oblata
699 4249 947 4331 opportunitate,
970 4247 1058 4312 aliud
1081 4247 1159 4310 dum
1182 4245 1258 4326 agit,
1280 4243 1419 4308 breviter
1441 4237 1622 4304 exhibuisse
1644 4234 1677 4298 in
1699 4229 1801 4310 elegia
1822 4227 1884 4291 ista
1905 4226 1953 4288 est
1968 4219 2143 4304 putandus.
2187 4213 2222 4278 ld
2243 4230 2316 4276 cum

568 4349 746 4414 abhorrens
767 4349 792 4412 si
817 4349 963 4412 minusa
993 4345 1121 4410 saeculo
1151 4350 1297 4411 attamen
1327 4341 1424 4407 aTei
1454 4343 1569 4422 poetae
1598 4333 1711 4400 studiis
1741 4328 1802 4394 sibi
1830 4324 2006 4398 videretur,
2034 4339 2124 4384 mera
2145 4313 2318 4381 Meinekius

569 4450 752 4514 coniectura
781 4449 916 4513 alterum
945 4447 1107 4530 quendam
1130 4447 1368 4510 Anacreontem
1400 4441 1442 4505 ab
1471 4437 1600 4521 Hygino
1627 4419 1800 4516 significari
1827 4422 2119 4491 Alexandrinorum
2150 4413 2318 4497 aequalem

569 4551 679 4614 statuit
702 4549 860 4613 immerito
889 4551 921 4612 et
950 4545 1029 4611 alios
1058 4547 1154 4610 etiarn
1185 4564 1223 4608 ac
1254 4544 1340 4625 ipsas
1371 4559 1429 4606 nos
1461 4539 1493 4604 in
1524 4535 1640 4602 erroris
1666 4527 1926 4598 communionem
1948 4521 2073 4587 seduxit
2084 4519 2119 4599 ⁰).
2163 4515 2319 4580 Adiutore

569 4649 696 4715 Phileta
717 4653 831 4731 sponte
853 4647 933 4712 haec
953 4647 1049 4712 hodie
1071 4646 1283 4727 corriguntur,
1305 4643 1450 4706 correcta
1471 4636 1590 4702 sacient
1615 4633 1765 4706 tortasse,
1787 4632 1824 4692 ut
1846 4622 2059 4704 descriptivae
2081 4635 2180 4702 quam
2202 4619 2320 4679 vocant

570 4750 689 4832 elegiae
707 4768 771 4812 non
794 4747 924 4812 denium
947 4749 990 4816 ab
1013 4745 1238 4812 Alexandrinis
1269 4741 1325 4807 sed
1354 4741 1418 4805 iam
1449 4758 1469 4803 a
1490 4736 1590 4802 Critia
1619 4733 1753 4814 aliisque
1782 4725 1928 4792 excultae
1950 4721 2039 4804 origo
2064 4723 2097 4784 et
2122 4718 2320 4782 incrementa

571 4851 809 4934 quadamtenus
832 4853 1077 4931 cognoscantur.

672 5043 900 5127 blarpurgi,
928 5043 997 5108 Kal.
1019 5043 1086 5108 iun.
1113 5043 1200 5107 1895.

655 5263 680 5330 8]
702 5261 850 5318 Pausanias
869 5261 895 5314 ll
914 5260 955 5329 16,
973 5259 1000 5314 8.
1033 5252 1159 5329 ‘Langia'
1177 5261 1217 5313 eat
1237 5255 1310 5328 apud
1329 5255 1458 5313 Statium.

658 5355 684 5418 9)
705 5353 809 5403 Aratea
827 5351 922 5402 nostra
939 5365 967 5417 p.
987 5345 1045 5400 150.
