5182 6666
1129 789 1182 856 VH

280 971 486 1058 pariatur¹⁸).
546 971 648 1054 Ipsius
689 971 894 1038 meminimus
932 971 1077 1036 Philetae
1111 989 1207 1053 quem
1243 969 1393 1034 ridebant
1426 969 1481 1053 qui
1518 989 1584 1036 non
1623 970 1843 1053 intellegerent
1877 974 1909 1034 et
1947 967 2030 1034 ludi·

280 1073 463 1138 ficabuntur
475 1070 530 1152 11);
1461 1083 1464 1092 ’

554 1220 557 1226 ,
670 1171 766 1250 ξεῖνε,
791 1169 933 1255 Φιλητᾶς
954 1169 1029 1251 εἶμι.
1059 1168 1161 1251 λόγων
1181 1169 1200 1235 o‘
1224 1169 1428 1258 ψευδόμενός
1446 1193 1488 1252 με

753 1264 856 1334 ὄλεσε
877 1270 932 1334 καὶ
954 1274 1078 1336 νυκτῶν
1100 1271 1270 1356 φροντίδες
1290 1268 1446 1351 ἑσπέριοι.

1127 1545 1172 1614 11.

386 1666 598 1750 Gomponenti
627 1685 702 1732 oum
723 1681 868 1730 errorum
890 1661 1014 1728 Cereris
1034 1664 1221 1730 nmatione
1242 1664 1413 1730 Homerica
1436 1683 1491 1742 ea,
1518 1683 1603 1746 quae
1624 1664 1656 1728 in
1677 1663 1799 1747 hymno
1819 1663 1862 1730 lV
1882 1659 2031 1740 traditur,

282 1769 386 1836 Ovidii
402 1767 513 1834 Festos
528 1765 582 1844 th
595 1765 773 1842 tlt-stt)
788 1763 822 1828 id
834 1763 975 1828 maxime
989 1767 1080 1846 patet
1094 1765 1257 1844 interesse,
1277 1765 1365 1848 quod
1380 1765 1502 1848 regiam
1517 1764 1749 1830 Eleusiniorum
1766 1764 1897 1829 domum
1914 1761 2032 1827 vitam·

282 1889 345 1952 que
365 1864 640 1951 hymnographus,
663 1867 823 1946 agrestem
845 1867 877 1930 et
898 1883 1075 1946 pauperem
1096 1869 1128 1930 et
1149 1865 1308 1930 desertam
1330 1863 1463 1930 Ovidius
1483 1865 1659 1948 descripsit
1692 1865 1731 1929 El
1751 1861 1803 1928 hic
1817 1862 1949 1946 quidem
1967 1861 2029 1926 ita:

676 1979 760 2044 Fors
781 1999 842 2044 sua
864 1979 976 2062 cuique
995 1979 1061 2046 loeo
1082 1989 1135 2047 est.
1182 1982 1249 2063 Quo
1271 2003 1356 2048 nunc
1379 1981 1519 2048 Cerealis
1541 1981 1684 2061 Eleusin,

759 2080 878 2146 dicitur
898 2079 955 2144 iac
977 2078 1060 2148 Cetei
1080 2103 1162 2146 rura
1182 2081 1285 2164 fuisse
1304 2082 1401 2148 scum.

676 2179 743 2244 Ille
764 2179 890 2246 ιίοιιιιιοι
909 2179 1045 2260 qlandes
1068 2199 1262 2264 cerussaque
1282 2202 1373 2245 mora
1394 2181 1511 2246 rubetis

573 2280 634 2345 510
753 2287 863 2366 portat
884 2286 912 2344 et
934 2282 1063 2346 arsuris
1085 2281 1184 2346 arida
1207 2282 1295 2366 liqna
1316 2279 1407 2363 sacis.

675 2379 766 2444 Filia
784 2401 890 2462 parca
911 2381 996 2446 duas
1015 2381 1177 2466 redigebat
1198 2389 1301 2446 monte
1320 2379 1467 2466 capellas,

758 2487 785 2544 et
806 2485 893 2544 tener
914 2481 950 2545 in
971 2482 1061 2545 cunis
1079 2480 1168 2564 tilius
1191 2501 1285 2563 ceper·
1306 2487 1382 2545 erat.

674 2576 803 2642 ‘Mater’
824 2579 870 2642 nit
892 2580 980 2661 sirpo
1001 2621 1041 2632 -
1063 2585 1148 2645 mota
1170 2587 1215 2646 est
1237 2580 1297 2645 dea
1318 2580 1444 2645 nominc
1463 2581 1576 2646 matris
1597 2613 1637 2624 -

757 2676 845 2759 ‘quid
865 2677 952 2762 sacis
974 2681 1009 2744 in
1030 2679 1106 2744 solis
1128 2681 1312 2745 incomitata
1333 2679 1443 2746 mors?

573 2777 634 2841 515
675 2776 803 2843 Restitit
825 2783 853 2842 et
873 2779 988 2858 seaiar,
1010 2779 1155 2860 quumvis
1177 2799 1257 2844 onus
1279 2783 1378 2862 urqet,
1401 2785 1430 2844 et
1451 2787 1530 2858 orat,

759 2884 838 2942 tecta
860 2877 1065 2942 succendent
1086 2881 1367 2964 quantulacunque
1387 2898 1487 2944 casae.

676 2975 741 3040 Illa
763 2983 855 3059 neqat
876 2975 1062 3056 (simularat
1082 2999 1180 3042 anum
1201 2979 1359 3058 mitraque
1380 2975 1513 3062 capillos

752 3075 942 3160 presserat),
964 3077 1098 3141 instanti
1119 3079 1199 3142 talia
1220 3079 1306 3143 dicta
1327 3077 1443 3160 refert:

674 3173 790 3260 ‘sospes
811 3197 864 3240 cas
884 3197 1065 3260 semperque
1082 3179 1223 3262 pareus!
1260 3177 1343 3242 Milli
1356 3176 1428 3259 lilia
1448 3185 1543 3262 rapta
1568 3183 1621 3242 est.

573 3274 634 3340 510
759 3273 831 3341 Ηοιι
853 3276 963 3341 melior
984 3284 1102 3359 quanto
1123 3297 1193 3342 sors
1215 3286 1271 3342 tua
1291 3285 1373 3342 sorte
1395 3295 1465 3342 mea
1486 3275 1562 3342 estl’

676 3373 789 3452 Dicta·
811 3383 839 3442 et
860 3383 895 3440 nt
917 3375 1069 3442 lacrimae
1090 3379 1205 3460 (neque
1226 3380 1309 3444 cuim
1331 3377 1500 3443 lacrimare
1521 3378 1652 3443 deorum
1674 3375 1734 3460 est)

758 3476 874 3541 decidit
897 3477 932 3540 in
953 3477 1075 3556 tepidos
1097 3477 1206 3543 lucida
1225 3483 1315 3562 gutta
1336 3479 1436 3544 sinus.

675 3573 769 3639 Fient
786 3575 913 3660 pariter
934 3575 1040 3641 malles
1062 3577 1182 3642 animis
1204 3578 1352 3658 virpoque
1372 3596 1545 3658 senesque;

756 3697 771 3739 e
792 3675 905 3757 quibus
925 3675 1002 3742 iaec
1023 3677 1099 3742 iusti
1121 3677 1214 3742 cerba
1233 3678 1326 3758 suere
1346 3677 1452 3742 senis:

571 3771 633 3837 555
673 3771 727 3838 ‘sic
748 3775 813 3852 titi,
837 3795 933 3858 quam
954 3783 1082 3862 ruptam
1104 3777 1257 3863 quereris,
1279 3777 1321 3840 sit
1339 3777 1410 3856 fitia
1431 3796 1556 3862 sospes:

757 3894 852 3956 surqe
872 3895 928 3942 nec
950 3878 1082 3959 exiquac
1101 3876 1226 3962 despice
1247 3884 1326 3942 tecta
1347 3875 1456 3942 casac'.

677 3973 737 4038 Oui
758 3973 817 4038 dea
837 3971 938 4040 ‘duct
958 3976 1062 4058 inquit
1082 3975 1188 4056 scisti,
1210 3997 1274 4058 qua
1296 3995 1402 4057 capere
1422 3975 1541 4058 posses'

756 4094 847 4155 seque
868 4077 949 4140 levat
969 4095 1048 4140 suaa
1069 4076 1333 4158 subsequiturque
1353 4095 1466 4140 senem.

675 4169 755 4236 Dux
776 4173 882 4237 comiti
902 4181 1028 4254 narrat,
1050 4197 1147 4258 quam
1167 4176 1209 4240 sit
1229 4176 1292 4240 siti
1310 4174 1399 4256 filius
1421 4196 1515 4257 aeqer

572 4272 633 4336 530
757 4293 812 4337 nec
832 4275 939 4358 capiat
960 4295 1085 4341 somnos
1105 4277 1309 4358 inciqiletque
1330 4273 1435 4340 malis.

673 4369 739 4437 rua
761 4373 972 4456 soporiferum
993 4395 1111 4456 parcos
1134 4376 1259 4441 initura
1276 4382 1408 4460 penates

756 4471 874 4556 coiliqit
894 4475 1012 4556 apresti
1032 4478 1099 4541 lene
1118 4497 1263 4562 papauer
1282 4476 1385 4542 humo.

675 4569 761 4635 Dum
784 4573 865 4657 lepit,
888 4573 981 4639 oblito
1000 4575 1111 4666 fertur
1124 4584 1267 4658 qustassc
1286 4577 1396 4658 palato

756 4673 939 4760 tanquamque
959 4675 1143 4760 imprudens
1164 4677 1333 4742 exsoluisse
1351 4675 1479 4758 famem.

570 4771 632 4836 535
677 4771 764 4852 Quae
785 4772 861 4854 quia
879 4775 1042 4859 principio
1059 4777 1168 4860 posuit
1189 4777 1314 4841 ieiunia
1334 4777 1447 4854 noctis,

755 4878 875 4957 tempus
895 4873 1009 4939 hadent
1031 4883 1152 4958 mystae
1172 4875 1282 4941 sidera
1302 4877 1372 4940 cisa
1392 4875 1463 4941 cibi.

387 5011 428 5080 16)
448 5009 488 5066 De
506 5010 624 5067 Hesiodo
642 5012 837 5068 Hermesianax
855 5012 884 5066 in
903 5013 1018 5068 Leontio
1036 5013 1161 5070 similiter
1180 5015 1348 5082 (Athenaeus
1365 5014 1432 5068 xlll
1448 5033 1474 5085 p.
1495 5015 1544 5069 597
1564 5014 1610 5081 Ol:

767 5099 853 5153 ἔνθεν
873 5094 889 5152 5
907 5095 935 5169 γ’
950 5095 1043 5170 Ἠοίην
1060 5098 1208 5173 μνώμενος
1226 5097 1394 5173 Ἀσκραῐκήν

698 5181 773 5237 πόλλ’
791 5185 908 5252 ἔπαθεν,
927 5184 1017 5245 πείσεις
1035 5185 1065 5238 δὲ
1082 5183 1173 5256 λόγοιν
1191 5183 1375 5260 riueypn'umro
1394 5190 1515 5258 βίβλουςε

283 5265 331 5321 ubi
349 5266 475 5336 imperite
492 5267 610 5322 Bachius
628 5270 664 5339 (p.
685 5271 746 5338 131)
764 5270 873 5341 ejacscv
891 5271 1000 5326 maluit.

384 5353 425 5420 17)
446 5353 603 5410 Athenaeus
621 5355 657 5408 lx
678 5375 704 5426 p.
723 5359 772 5411 401
792 5355 823 5411 Ε.
