5182 6666
373 2673 418 2786 Ε
439 2722 674 2805 ‘Paegniomm’
694 2745 777 2808 quae
799 2723 962 2790 ferebatur
977 2725 1138 2792 Prunnrxn
1160 2726 1282 2810 sylloge
1304 2727 1440 2796 ioannes
1459 2729 1618 2799 Stobaeus
1638 2734 1816 2818 eclogarius
1836 2735 2025 2820 ‘Florilegio'

274 2825 335 2893 hoc
358 2845 489 2894 cannen
511 2825 695 2906 inseruitz¹i

704 2921 744 2990 οὕ
763 2931 808 3006 μέ
825 2947 872 3000 τις
891 2926 928 3001 ἐξ
948 2923 1049 3005 ὀρέων
1069 2922 1258 3007 ἀποφώλιος
1280 2926 1454 3010 &ypocritae

785 3024 911 3113 αἱρήσει
934 3023 1082 3110 atritione
1101 3023 1272 3106 αἰρόμενος
1292 3027 1436 3112 μακέλην

703 3127 775 3190 atl’
795 3127 903 3190 ἐπέων
922 3123 1015 3200 εἰδώς
1035 3123 1160 3206 κόσμον
1181 3125 1236 3188 nni
1260 3125 1367 3190 moliri
1388 3127 1533 3211 μογήσας

788 3227 908 3308 μύθων
930 3229 1097 3290 παντοίων
1119 3215 1214 3308 οἷμον
1236 3225 1464 3308 ἐπιστάμενος.

272 3327 341 3394 Dici
358 3329 411 3396 vix
427 3333 542 3412 potest,
559 3330 635 3412 quid
653 3330 843 3414 interpretes
858 3327 917 3394 sibi
936 3324 1154 3410 permiserint!
1188 3323 1307 3391 Nullus
1324 3348 1372 3392 me
1388 3329 1526 3394 ructans
1542 3337 1696 3414 tanquam
1711 3335 1821 3399 alnum
1833 3337 1948 3416 caedet,
1971 3338 2028 3404 sed

275 3431 455 3495 carminum
477 3435 625 3495 ornatum
646 3431 827 3511 inlellepens
847 3435 941 3511 utque
961 3431 1062 3494 multo
1079 3445 1263 3512 perpessus,
1283 3446 1463 3492 sermonum
1484 3431 1649 3496 coriorum
1669 3434 1822 3499 rationem
1837 3445 2027 3516 comentem

274 3529 408 3610 beleum
439 3532 459 3595 i.
482 3551 506 3594 e.
525 3551 646 3595 summo
669 3552 737 3595 cum
758 3530 865 3594 studio
885 3529 975 3615 poesi
996 3527 1172 3608 litterisque
1192 3526 1376 3592 incumbens
1397 3528 1647 3597 immortulitatis
1674 3534 1812 3616 plocium
1841 3555 2025 3620 emesenum,

274 3633 340 3695 sine
358 3632 394 3694 in
415 3651 546 3695 numero
562 3633 752 3717 scriptorum
774 3631 978 3696 classicorum
1001 3625 1173 3694 collocutor
1194 3626 1366 3708 Bachius’)
1389 3628 1544 3694 extricare
1566 3649 1664 3698 ausus
1686 3636 1734 3698 est
1754 3638 1786 3700 et
1808 3633 2024 3704 Horatianum

277 3731 355 3796 iliud
377 3731 417 3796 de
439 3733 543 3796 exacti
565 3732 764 3797 monumenti
786 3730 987 3814 perennitate
1003 3727 1145 3793 contulit„
1182 3727 1362 3794 Absurdius
1383 3728 1492 3808 etiam,
1515 3729 1547 3794 id
1568 3731 1594 3796 si
1615 3736 1730 3814 potest,
1752 3733 1882 3800 fuerunt
1902 3737 1958 3820 qui
1981 3738 2024 3804 ad

274 3829 415 3913 puellam
431 3831 619 3914 aliquam⁸)‚
635 3832 699 3910 atii,
715 3831 770 3914 qui
786 3831 829 3896 ad
842 3831 948 3913 ipsum
960 3829 1121 3894 Philetam
1136 3831 1364 3909 argumentum
1379 3829 1537 3910 poematis
1551 3829 1755 3898 referendum
1770 3853 1838 3898 asse
1853 3835 2023 3919 opinantes

276 3929 539 4014 interpretatione
567 3930 738 4014 allegorica
768 3931 977 3995 abuterentur
985 3927 1022 4008 ⁴).
1071 3925 1155 3991 Nam
1184 3925 1244 3991 sub
1267 3925 1342 3991 aino
1371 3925 1469 4010 (quae
1498 3927 1596 3994 arbor
1616 3929 1677 4012 est)
1700 3931 1795 3998 celari
1817 3935 1957 4016 pueliam
1979 3937 2023 4018 hi,

277 4029 320 4094 illi
343 4031 494 4096 carminis
515 4031 704 4114 scriptorem
724 4030 893 4096 edixerunt
917 4027 1040 4094 sortiter
1064 4045 1103 4092 ac
1124 4025 1264 4108 lepidum
1284 4027 1397 4092 nescio*
1414 4025 1492 4110 quid
1519 4047 1586 4093 non
1613 4031 1836 4099 ratiocinando
1858 4035 1915 4100 sed
1935 4055 2022 4102 som·

276 4127 398 4194 niando
420 4129 610 4196 invenerunt
632 4135 729 4214 atque
750 4131 833 4195 adeo
849 4127 988 4194 inventis
1003 4125 1140 4191 inaniter
1164 4123 1264 4208 (quod
1284 4125 1408 4190 mireris
1416 4125 1437 4208 t)
1460 4127 1586 4208 gloriati
1600 4133 1685 4196 sunt.
1729 4131 1908 4200 Observare
1928 4136 2022 4202 nobis

274 4227 437 4294 interdum
467 4229 614 4295 videmur
641 4229 825 4312 simpliciter
851 4232 1020 4311 poetarum
1049 4225 1136 4290 dicta
1164 4225 1206 4290 ab
1236 4225 1273 4290 iis
1301 4225 1356 4309 qui
1386 4225 1482 4292 bodie
1511 4231 1587 4294 sunt
1614 4229 1782 4314 philologis
1810 4231 1875 4298 iere
1896 4235 2020 4317 sperni:

276 4325 390 4392 albore
413 4329 520 4410 potius
549 4333 581 4394 et
601 4329 739 4394 obscura
760 4333 792 4393 et
820 4327 925 4393 aliena
947 4327 1151 4409 aucupantur
1173 4323 1288 4407 cupide
1311 4329 1359 4404 et,
1389 4325 1449 4391 nisi
1476 4325 1568 4392 facile
1586 4329 1766 4412 reperiunt,
1797 4331 1951 4398 audacter
1972 4335 2022 4400 in·

275 4424 382 4492 ierunt
409 4447 514 4510 nequa
536 4430 718 4494 sustentant
746 4429 914 4493 veritatem
942 4425 999 4492 sed
1028 4423 1247 4510 pessumdant.
1290 4425 1384 4504 Quod
1413 4425 1498 4490 idem
1520 4427 1628 4493 multis
1648 4447 1752 4512 nuper
1780 4432 2023 4514 epigrammatis

276 4525 503 4592 Alexandrinis
524 4526 645 4592 iactum
667 4531 729 4605 est,
752 4527 966 4612 imposuitque
988 4525 1038 4590 vei
1059 4523 1264 4608 peritioribus
1285 4523 1403 4590 harum
1425 4525 1600 4592 litterarum
1624 4529 1894 4596 existimatoribus
1915 4551 2020 4599 novae

274 4625 408 4690 rationis
436 4626 638 4708 perversitas.
687 4624 867 4692 Mnasaicas
896 4627 999 4692 Arcas
1028 4621 1108 4706 (ΑΡ
1120 4621 1164 4686 ΙΙΙ
1185 4622 1258 4703 aab)
1287 4622 1428 4690 fistulam
1457 4625 1490 4690 in
1519 4625 1714 4708 Aphrodisia
1742 4629 1914 4712 (nescimus
1944 4633 2024 4716 quo)
2099 4673 2105 4684 ·

275 4743 464 4807 suspensam
486 4727 532 4792 ita
555 4726 728 4812 alloquitur
748 4727 927 4793 demirans:

375 4925 400 4992 Ι)
421 4924 533 4979 Lxxxl
551 4927 568 4980 l
589 4924 640 4989 (111
660 4945 686 4996 p.
706 4927 756 4982 109
774 4925 920 4992 Mainake).

373 5013 401 5080 2)
421 5015 537 5068 Philotae
555 5016 785 5068 Hcrmeeionoclia
804 5017 945 5069 Hiunoclis
963 5017 1095 5084 reliquiae
1113 5033 1139 5086 p.
1157 5017 1188 5068 41
1210 5033 1248 5084 sq.

374 5099 402 5167 3)
419 5100 603 5158 Reitzenstein
621 5105 782 5172 Epiacumm
801 5104 858 5155 und
880 5103 990 5156 Slcoliou
1007 5121 1034 5172 p.
1050 5101 1115 5157 179:
1132 5093 1195 5156 ‘Die
1219 5104 1298 5156 Verso
1317 5105 1433 5172 μολῦναι
1450 5106 1526 5159 einer
1543 5107 1691 5160 anactea
1705 5107 1866 5176 E'rzdlulunp
1882 5128 1928 5163 on.
1965 5110 2024 5162 Dos

276 5183 409 5238 Malene„
428 5189 463 5254 (l)
482 5196 550 5257 aaut,
568 5191 633 5242 dosa
651 5207 679 5242 ee
696 5191 769 5243 nicht
787 5207 836 5243 aon
856 5191 912 5243 dem
932 5190 1116 5258 Buuendlpcl,
1143 5191 1260 5243 eandm
1284 5207 1334 5244 uon
1353 5193 1411 5244 ᾱινη
1430 5191 1542 5245 Dichter
1559 5194 1661 5247 crobert
1679 5197 1784 5248 werden
1804 5197 1859 5248 will
1957 5198 2023 5250 Nol·

276 5273 380 5339 wendiy
398 5273 433 5341 (i)
451 5293 511 5328 cour
527 5293 555 5330 es
572 5279 616 5330 ein
633 5278 756 5344 lllnperes
773 5273 858 5331 Μ.

373 5361 400 5427 4)
421 5359 463 5414 Gt.
483 5361 575 5416 Baebii
593 5363 799 5419 adnotationem
818 5366 835 5417 l.
855 5383 877 5418 e.
