5182 6666
1167 719 1209 784 xl

1155 892 1219 961 111.

415 1019 600 1104 Propertius
623 1017 676 1098 (ΙΙΙ
697 1017 753 1092 34,
783 1013 916 1097 3lsqq.l
945 1014 1107 1097 Lynceum
1131 1013 1288 1090 amicum,
1317 1013 1486 1079 Ponticum
1515 1020 1722 1098 personatum
1734 1017 1774 1098 ¹),
1809 1039 1829 1084 a
1860 1021 2061 1102 gravioribus

310 1141 444 1208 poeseos
465 1118 635 1202 generibus
653 1117 696 1182 ad
717 1114 1009 1180 Alexandrinorum
1038 1113 1247 1178 subtilitatem
1269 1114 1458 1180 imitandam
1482 1116 1528 1180 ita
1554 1115 1740 1180 cohortatus
1760 1123 1817 1196 est,
1840 1124 1876 1184 ut
1894 1122 2059 1206 utriusque

311 1224 389 1290 artis
411 1219 557 1302 exempla
579 1216 734 1282 nonnulla
758 1214 899 1279 adferret
922 1213 1047 1278 idonea.
1092 1213 1130 1278 Et
1151 1213 1192 1278 de
1213 1214 1439 1278 Alexandrinis
1461 1214 1511 1279 ille
1530 1215 1659 1298 quidem
1682 1215 1742 1282 ita:

792 1331 841 1394 Ta
862 1330 999 1408 satiari)
1021 1329 1184 1416 Meropem
1205 1332 1306 1394 masis
1329 1331 1450 1395 imitere
1473 1329 1630 1396 Philotam

871 1439 899 1496 et
920 1451 982 1496 non
1008 1431 1114 1514 inflati
1134 1433 1260 1497 somnia
1285 1430 1495 1496 Callimachi:

790 1532 853 1595 iam
875 1549 988 1596 careas
1010 1531 1114 1610 (licet)
1136 1533 1240 1598 Aetoli
1261 1531 1385 1613 referas
1407 1529 1547 1610 Acheloi,

866 1629 998 1710 fluxerit
1020 1639 1055 1696 at
1077 1653 1190 1714 mopao
1209 1631 1338 1715 fractas
1359 1653 1466 1696 amore
1486 1631 1601 1720 liquor,

788 1739 881 1814 atque
902 1733 997 1796 etiam
1019 1739 1052 1795 at
1076 1729 1214 1817 Phrppio
1234 1731 1341 1814 saliua
1364 1731 1562 1796 nfaeancrto
1584 1753 1693 1818 compo

828 1872 833 1882 ·
870 1835 958 1896 errat
980 1837 1008 1896 ct
1029 1829 1104 1912 ipsa
1125 1851 1203 1896 snas
1224 1832 1342 1914 decipit
1360 1832 1449 1896 uario
1471 1833 1549 1911 aios,

787 1931 894 2014 pactis
916 1936 944 1995 et
964 1931 1102 1996 Adrasti
1121 1931 1223 2015 suerit
1244 1931 1364 1996 accolis
1386 1931 1490 1997 Arion

870 2031 975 2096 tristis
996 2032 1040 2096 ad
1063 2031 1250 2098 Archemori
1269 2033 1388 2115 facero
1411 2033 1512 2098 victor
1532 2051 1640 2116 equas.

309 2153 444 2218 Multum
466 2151 499 2215 hi
522 2167 632 2214 versus
654 2149 842 2229 interpretes
864 2153 895 2214 et
917 2148 1055 2214 editores
1076 2149 1127 2214 vel
1148 2149 1414 2232 prudentissimos
1443 2153 1613 2216 torserunt.
1663 2149 1847 2232 Percepisse
1876 2149 2060 2214 nullusdum

308 2252 435 2318 videtur
462 2251 589 2315 criticus
612 2247 689 2314 nihil
717 2248 852 2330 proferri
879 2249 938 2314 nisi
962 2254 1226 2330 argumentorum
1248 2269 1266 2313 e
1287 2247 1485 2314 Callimacho
1507 2253 1538 2313 et
1557 2248 1683 2314 Philota
1712 2253 1914 2332 sumptorum
1943 2251 2059 2316 triada.

309 2353 400 2432 Quae
422 2370 473 2416 res
495 2348 592 2414 semel
616 2349 738 2413 monita
758 2351 825 2413 tam
847 2353 896 2412 est
918 2347 1089 2424 luculenta,
1112 2351 1148 2413 ut
1171 2349 1276 2413 verbis
1292 2367 1425 2431 parcere
1444 2349 1601 2413 malimus
1635 2347 1746 2432 ltaque
1761 2349 1893 2414 tandem
1910 2348 2060 2414 ordinata

308 2451 452 2518 oratione
474 2451 542 2515 licet
564 2448 748 2513 interiectae
770 2447 856 2511 vocis
871 2447 972 2512 instar
981 2448 1006 2527 3)
1031 2447 1204 2512 habuimus
1220 2468 1341 2514 morem
1359 2449 1516 2530 Propertii
1536 2448 1637 2513 secuti
1654 2448 1808 2530 uncisque
1830 2447 2059 2514 includendum

309 2550 493 2617 curavimus
514 2553 546 2613 et
570 2549 636 2610 iam
659 2547 701 2611 ab
723 2547 810 2611 Italis
832 2547 986 2628 scriptum
1009 2568 1068 2630 pro
1091 2548 1228 2625 causali,
1258 2568 1342 2631 quae
1369 2549 1533 2613 codicibus
1555 2548 1708 2624 traditur,
1739 2548 1963 2614 coniunctione
1984 2569 2061 2613 nam

309 2651 452 2733 recipere
479 2647 600 2732 placuit
628 2647 721 2711 nobis
749 2647 940 2712 sententiam
971 2649 1211 2713 enuntiatorum
1241 2649 1459 2713 declaraituris.
1517 2649 1650 2713 Aditum
1679 2649 1865 2732 aperuimus
1896 2647 1938 2712 ad
1969 2665 2061 2712 recn-

309 2749 488 2835 perandam
518 2749 699 2812 carminum
727 2748 931 2830 quorundam
954 2747 1246 2812 Alexandrinorum
1276 2749 1434 2812 notitiam.
1490 2747 1638 2830 Agedum
1679 2749 1738 2812 iter
1767 2751 1918 2830 coeptum
1948 2747 2059 2812 sedulo

309 2867 550 2934 persequamur.
600 2847 682 2912 Nam
705 2848 787 2913 scitu
808 2847 941 2929 dignum
964 2851 1013 2912 est
1034 2847 1193 2930 profectu,
1222 2848 1310 2930 quod
1339 2849 1537 2912 ostendimus
1560 2849 1730 2913 materiam
1753 2849 1847 2912 istam
1878 2845 2059 2928 argumenti

312 2949 429 3034 poetici
452 2947 643 3031 tripertitam
666 2947 749 3012 inter
768 2945 1001 3012 Callimachum
1025 2967 1093 3012 esse
1115 2951 1147 3012 et
1168 2947 1325 3012 Philotam
1346 2947 1614 3030 dispertiendam,
1643 2947 1699 3012 sed
1728 2967 1792 3012 non
1818 2947 1935 3012 suflicit
1955 2947 2059 3012 solum

310 3050 387 3115 illud
408 3049 545 3114 scivisse.
578 3047 742 3126 Quantum
764 3047 805 3111 sit
827 3065 866 3111 ex
879 3047 940 3111 ista
959 3046 1146 3112 Callimachi
1170 3047 1345 3130 proprium,
1369 3047 1446 3130 quid
1463 3047 1607 3112 Philotae
1623 3047 1822 3112 reddendum
1845 3065 1918 3112 cum
1935 3047 2060 3112 edictis

309 3148 467 3232 Propertii
489 3147 585 3212 bodie
606 3146 709 3228 colligi
731 3151 889 3228 nequeat,
917 3147 1087 3229 perculiari
1118 3147 1304 3230 quaestione
1326 3147 1433 3224 nobis,
1463 3148 1489 3212 si
1511 3151 1631 3230 potest,
1660 3147 1862 3212 efficiendum
1885 3149 1941 3210 est.
1991 3146 2058 3210 lam

309 3270 386 3315 vero
408 3248 552 3314 Philotae
572 3267 676 3330 paene
707 3247 814 3311 nullae
837 3251 1008 3328 supersunt
1038 3245 1206 3329 reliquiae,
1235 3245 1325 3328 larga
1353 3251 1453 3312 restat
1483 3248 1736 3329 fragmentorum
1767 3245 2058 3312 Callimacheorum

308 3349 481 3432 suppellex.
525 3347 630 3426 Quam
652 3346 954 3428 pervestigavimus‚
983 3351 1019 3410 ut
1040 3347 1260 3430 exemplorum
1282 3367 1302 3412 a
1325 3347 1493 3430 Propertio
1516 3347 1766 3430 compositomm
1790 3367 1874 3430 quae
1895 3347 2060 3412 habuisset

309 3447 525 3515 Callimachus
546 3450 800 3528 cognosceretur.
851 3445 977 3510 Primus
1006 3447 1101 3530 igitur
1124 3447 1283 3512 Achelous
1305 3451 1353 3511 est
1377 3447 1558 3512 Deianiram
1584 3447 1709 3530 periens
1731 3446 1773 3512 ab
1795 3446 1932 3512 Hercule
1954 3447 2057 3510 victus

310 3551 376 3613 sive
397 3568 416 3613 a
438 3547 636 3613 Callimacho
658 3547 725 3611 sive
746 3566 766 3610 a
788 3545 915 3610 Phileta
938 3545 1125 3630 descriptus.
1176 3547 1275 3612 Cuius
1302 3547 1483 3628 argumenti
1505 3547 1673 3628 vestigium
1696 3547 1820 3610 certum
1851 3549 1941 3629 patet
1969 3545 2057 3628 apud

309 3647 542 3714 Callimachum
565 3647 601 3711 fr.
621 3647 681 3712 949
705 3647 806 3728 θηρός
827 3645 972 3730 &popone
992 3645 1088 3709 ὀλοόν
1108 3653 1201 3726 κέρας
1221 3667 1285 3712 non
1307 3647 1418 3711 addila
1432 3647 1608 3712 sententiae
1626 3645 1868 3728 significatione,
1892 3645 1951 3710 nisi
1967 3645 2055 3728 quod

308 3749 392 3814 ultro
414 3747 557 3812 fabulam
577 3747 788 3830 persentiscls.
838 3745 983 3830 ἐρωήσας
1002 3746 1108 3812 valere
1130 3745 1175 3821 εἰς
1196 3747 1257 3832 τήν
1278 3749 1356 3828 ipat·
1377 3745 1566 3827 καταγαγών
1588 3747 1804 3830 Elymologus,
1825 3743 1986 3822 κατεάξας
2007 3745 2057 3810 vel

305 3846 447 3930 pervicac
468 3847 584 3912 Suidas
606 3845 777 3926 (nescimus
798 3845 896 3922 unde)
918 3845 1111 3912 indicarunt.
1154 3849 1315 3913 Attendas
1335 3867 1411 3912 vero
1433 3847 1527 3912 unius
1548 3867 1658 3924 cornu,
1680 3866 1746 3911 non
1767 3845 1942 3930 utriusque,
1966 3865 2057 3911 men·

306 3996 402 4051 Sidera
420 3995 464 4050 las
486 3994 568 4064 Virgo
587 3993 659 4063 (ride
678 3993 741 4048 adn.
761 3995 786 4060 i)
807 3998 836 4049 ot
852 3993 957 4050 Tamus
976 3993 1104 4050 habenda
1120 3998 1184 4048 sunt
1203 3995 1316 4062 (catast.
1335 3993 1397 4048 XlV
1417 4013 1445 4064 p.
1465 3994 1514 4048 106
1534 3993 1586 4060 lt).
1620 3992 1807 4048 summarium
1825 3992 1955 4048 carminis
1972 3997 2057 4050 astro·

307 4079 407 4136 nomiei
426 4085 551 4136 tenemus
570 4080 667 4135 Ovidio
686 4081 745 4135 noti
765 4083 853 4145 (Post.
873 4080 910 4134 IV
930 4083 1051 4150 amoq).

395 4171 418 4234 l)
438 4161 580 4236 ‘Lynceus’
598 4171 758 4236 personatus
774 4161 964 4223 ‘Thebaidem'
982 4166 1037 4222 iam
1056 4167 1200 4238 scripserat
1220 4165 1335 4236 lausqi:

793 4273 854 4326 nen
873 4291 970 4340 mapna
990 4273 1188 4340 Amphiaraicc
1201 4279 1321 4340 prosunt
1338 4273 1387 4324 tihi
1403 4272 1463 4336 fata

860 4361 1008 4428 qrmdripae
1025 4365 1073 4410 cat
1095 4357 1214 4426 Capuam
1230 4364 1310 4424 prata
1330 4359 1412 4410 ruina
1431 4358 1496 4410 Ioci.

307 4471 378 4526 Item
396 4469 534 4524 Ponticus.
577 4469 641 4532 llic,
668 4487 729 4524 cum
749 4485 859 4524 carmen
878 4469 890 4522 Ι
909 4469 924 4521 'l
943 4467 1087 4523 conficeret
1105 4466 1278 4536 Propertius,
1306 4484 1397 4522 amore
1424 4466 1577 4536 puellarum
1601 4471 1662 4522 erat
1679 4467 1811 4529 intactus,
1836 4467 1960 4538 Lynceus
1975 4464 2057 4522 ‘seros

307 4557 438 4612 insanisse
456 4551 571 4612 amores’
588 4554 696 4610 dieitur.
727 4555 810 4610 Recte
829 4555 916 4624 igitur
928 4553 1066 4623 Lynceum
1084 4571 1141 4610 esse
1159 4553 1247 4624 ipsum
1268 4553 1412 4609 Ponticum
1430 4552 1509 4606 nobis
1520 4553 1679 4609 concludere
1694 4552 1819 4609 ridemur
1838 4555 1947 4622 (contra
1961 4553 2055 4610 Hertz·

308 4643 432 4712 bergium
454 4643 464 4695 l
485 4661 509 4712 p.
530 4643 583 4709 20).
622 4643 680 4697 lam
698 4659 746 4696 cur
762 4635 884 4710 ‘Lyncei’
901 4657 1001 4695 nornen
1019 4641 1066 4696 ille
1086 4639 1196 4707 babeat,
1215 4639 1329 4695 formae
1346 4655 1361 4694 e
1380 4639 1501 4694 versibus
1517 4641 1549 4694 ll
1560 4658 1600 4710 sq.
1618 4639 1751 4696 elucebit:

790 4747 888 4799 Derim
906 4753 929 4798 rt
947 4746 1090 4813 Aeschyleo
1108 4761 1262 4812 componere
1281 4745 1358 4796 cerba
1376 4745 1514 4811 cothurno,

858 4833 948 4885 desim
965 4839 989 4884 et
1007 4833 1044 4884 ad
1062 4832 1153 4884 molles
1170 4831 1289 4882 menstra
1308 4831 1407 4882 resciae
1424 4832 1528 4884 choros.

309 4943 362 4996 Fac
379 4941 526 4996 Ponticum
542 4935 788 5013 ‘Hypermestram'
805 4939 940 5010 scripsisse
960 4939 1086 5010 Aeschyli
1103 4939 1243 5009 exemplo:
1268 4937 1406 5008 Lynceum
1431 4938 1510 5012 illum
1528 4957 1611 4994 cansa
1628 4937 1739 5008 endem,
1762 4956 1819 5008 qua
1836 4937 2055 5009 Demophontem

309 5025 424 5082 Tuscum
441 5024 594 5098 ‘Phyllidis'
611 5032 731 5099 poetam,
750 5027 919 5097 appellatum
936 5043 992 5082 asse
1010 5025 1090 5082 facile
1108 5025 1187 5081 nobis
1205 5025 1342 5096 fingimus.
1381 5025 1451 5094 [Birt
1469 5027 1540 5081 Afas.
1560 5027 1635 5079 rhea.
1655 5023 1720 5079 1877
1740 5042 1766 5095 p.
1786 5023 1858 5094 4131.

393 5115 421 5182 2)
441 5113 482 5170 Of.
501 5114 594 5171 Cicero
612 5117 657 5170 Aa
675 5109 794 5168 Atticu'm
814 5113 853 5168 lv
872 5115 912 5176 16,
931 5113 962 5168 3:
989 5115 1075 5167 Mallo
1091 5131 1137 5180 epo
1155 5115 1243 5166 satius
1260 5114 1309 5166 hoc
1328 5113 1396 5165 mihi
1412 5113 1558 5166 nomadum
1571 5113 1670 5180 patavi
1694 5113 1724 5165 ia
1744 5113 1870 5166 &macto
1889 5113 1939 5166 etc.
1983 5109 2054 5165 Malo

307 5205 399 5271 potius
418 5200 538 5266 Ernesti;
557 5203 629 5258 male
647 5203 732 5258 etiam
750 5199 779 5265 ii,
798 5200 846 5269 qni
864 5197 1047 5270 corruptelam
1067 5199 1096 5253 in
1115 5199 1245 5254 Cicerone
1262 5198 1369 5254 odorati
1387 5201 1459 5252 sunt.

398 5285 424 5355 3)
445 5285 577 5359 Exempla
595 5288 657 5344 vide
675 5287 748 5360 apud
766 5286 976 5358 Hertabergium
996 5285 1034 5356 (11
1052 5303 1079 5356 p.
1098 5287 1169 5354 227),
1188 5283 1236 5354 qui
1253 5289 1348 5340 tamen
1368 5288 1535 5338 structuram
1554 5299 1644 5338 versus
1662 5297 1718 5336 non
1736 5281 1882 5338 intellexit.
