5182 6666
1374 657 1413 722 vt

525 843 638 910 addito
660 843 705 923 (in
720 841 884 920 schedula,
906 845 943 906 ut
961 841 1126 924 putamus)
1149 842 1383 925 epigrammate
1403 845 1452 910 vel
1471 845 1608 928 paegnio
1629 844 1744 926 potius.
1788 843 1824 908 ln
1839 863 1905 926 quo
1925 844 1994 910 eius
2010 845 2066 928 qui
2081 849 2273 930 acccptunrs

525 947 573 1008 est
592 942 698 1026 ipsum
718 961 837 1008 nomen
858 941 945 1024 quod
972 941 1190 1022 desideratur,
1218 943 1303 1010 duae
1325 964 1385 1028 per
1411 965 1445 1010 se
1467 945 1562 1010 huius
1592 944 1636 1010 rei
1668 942 1896 1026 explicationes
1924 945 2099 1027 excogitari
2128 949 2272 1029 possunt,

523 1043 625 1110 altera
647 1041 778 1126 quidem
801 1041 1037 1125 improbabilis,
1066 1042 1168 1108 altera
1195 1043 1261 1107 veri
1291 1043 1464 1109 consimilis
1494 1043 1680 1109 admodum.
1730 1043 1815 1108 Nam
1844 1047 1901 1109 aut
1930 1044 2076 1110 consulto
2098 1063 2217 1110 nomen
2239 1044 2272 1110 in

477 1221 479 1226 ,
525 1143 596 1226 ipso
615 1143 759 1208 carmine
779 1141 930 1208 omissum
960 1141 1055 1206 tuisse
1083 1141 1200 1208 dixeris
1221 1147 1253 1208 et
1273 1147 1364 1208 extra
1384 1162 1495 1208 versus
1523 1141 1671 1226 primitus
1702 1142 1863 1208 adiectum
1889 1141 1989 1226 (quod
2010 1148 2120 1210 tamen
2141 1143 2273 1210 urbtilcs

524 1242 557 1307 in
577 1231 640 1308 hoc
662 1261 778 1324 genere
796 1261 861 1308 non
882 1241 985 1307 solent
1004 1245 1136 1324 poetae,
1167 1243 1254 1308 velut
1282 1242 1506 1326 Crinagoras),
1534 1246 1593 1308 aut
1614 1241 1760 1324 primitus
1780 1242 1950 1326 utrobique
1972 1243 2110 1310 debuisse
2130 1243 2272 1309 omnino.

525 1343 593 1407 lam
613 1341 797 1408 memineris
817 1341 904 1425 quod
926 1341 1065 1408 diximus
1086 1361 1151 1406 non
1172 1342 1205 1408 in
1225 1341 1524 1426 ‘Epigrammatum'
1546 1340 1691 1407 Philetae
1709 1360 1795 1424 quae
1817 1341 1981 1408 terebatur
2001 1343 2195 1421 collectione,
2215 1343 2273 1410 sed

529 1442 613 1508 inter
632 1441 794 1524 ‘Paegnia'
815 1441 890 1508 olim
912 1442 1030 1507 lectum
1052 1441 1130 1508 illud
1153 1463 1284 1508 carmen
1305 1443 1417 1510 fuisse:
1448 1443 1551 1508 lusum
1575 1441 1672 1524 igitur
1691 1441 1832 1524 aliquem
1854 1443 2050 1525 opperimur.
2092 1441 2140 1508 Ne
2161 1443 2271 1526 plura:

530 1563 659 1608 cannen
672 1541 816 1608 Philetae
837 1541 1073 1626 apophoretum
1094 1547 1152 1620 est,
1174 1543 1283 1624 qualia
1303 1543 1335 1608 in
1358 1541 1485 1607 duobus
1498 1541 1653 1607 Martialis
1674 1541 1816 1624 syllegae
1839 1541 1928 1607 libris
1944 1543 2064 1608 ultimis
2084 1543 2272 1609 offeruntur.

525 1640 701 1707 Sortiendis
728 1641 790 1706 ista
811 1641 943 1724 singulis
965 1641 1106 1706 donariis
1134 1641 1294 1708 destinata
1315 1647 1425 1720 erant,
1453 1646 1490 1708 ut
1518 1641 1611 1708 simul
1633 1640 1804 1706 schedulas
1825 1641 1920 1706 amici
1943 1641 2135 1725 acciperent.
2178 1641 2274 1709 Velut

526 1741 567 1807 de
587 1741 754 1807 venabulis
773 1741 865 1807 ‘lusit‘
885 1741 1039 1808 Martialis
1060 1777 1100 1787 —-
1122 1746 1158 1808 ut
1178 1742 1278 1825 ipsius
1298 1741 1437 1808 dictione
1458 1745 1589 1807 utamur
1609 1738 1692 1820 (xlv
1713 1739 1765 1820 30)
1788 1773 1828 1786 -

953 1858 1122 1941 Excipient
1141 1879 1237 1944 apros
1256 1858 1536 1943 exspectatumque
1556 1857 1668 1936 teones,

1033 1959 1200 2024 intrabunt
1222 1979 1326 2038 ursae,
1346 1960 1388 2023 sit
1408 1959 1499 2025 modo
1519 1959 1617 2038 firmo
1636 1977 1751 2022 monus

527 2056 568 2123 de
588 2058 691 2124 cultro
712 2058 878 2124 venatorio
902 2057 967 2140 (31)

955 2157 992 2224 Si
1014 2159 1131 2224 deiecto
1149 2177 1253 2241 gemes
1273 2159 1364 2238 leupo
1385 2155 1541 2221 venobtdo
1560 2162 1673 2233 rostro,

1035 2257 1086 2323 hic
1106 2257 1206 2322 breuis
1226 2258 1382 2338 inperitam
1402 2255 1543 2320 eominus
1559 2254 1618 2320 ibit
1638 2275 1755 2340 aprum

522 2352 562 2419 de
584 2355 756 2438 parazonio
777 2355 842 2438 (33)

954 2456 1094 2523 Militiae
1113 2457 1208 2522 decus
1228 2457 1285 2522 hoc
1302 2457 1450 2541 gratique
1471 2456 1531 2520 erit
1551 2476 1640 2520 emera
1660 2455 1801 2532 honeris,

1034 2579 1129 2622 arma
1150 2557 1357 2622 tribunicium
1378 2558 1501 2638 cingere
1524 2555 1623 2640 digno
1645 2557 1732 2620 tetus

523 2655 564 2720 de
585 2655 666 2720 ialce
687 2654 754 2737 (34)

953 2755 1025 2819 Pac
1046 2776 1094 2820 me
1115 2761 1201 2821 certe
1222 2756 1313 2822 ducis
1330 2756 1476 2838 placidos
1494 2756 1637 2820 curuavit
1658 2755 1692 2818 in
1714 2772 1809 2818 usus:

1038 2857 1198 2936 agricolae
1216 2877 1302 2921 naue
1323 2877 1402 2934 sam,
1425 2855 1537 2919 militis
1558 2861 1632 2918 onte
1650 2853 1713 2936 (ui.

525 2970 709 3051 Suppetunt
738 2971 831 3052 plura
859 2972 952 3036 uobis
982 2971 1064 3037 illius
1090 2973 1179 3037 modi
1207 2972 1381 3038 sortitionis
1412 2971 1557 3055 poeticae
1591 2969 1783 3038 testimonia.
1837 2967 2066 3050 Heliogabalus
2098 2966 2273 3048 imperator

525 3071 626 3134 sortes
649 3071 831 3136 convivales
851 3072 986 3154 scriptas
1008 3072 1039 3136 in
1062 3071 1282 3137 cochlearibus
1302 3072 1416 3138 habuit
1437 3072 1532 3150 tales,
1564 3076 1600 3136 ut
1621 3071 1702 3136 alius
1723 3069 1834 3134 exierit
1854 3068 1977 3134 ‘decem
2000 3065 2162 3144 camelos’,
2191 3063 2273 3130 alius
2404 3073 2408 3082 '

527 3166 649 3234 ‘decem
669 3169 815 3248 muscas',
845 3170 926 3236 alius
948 3169 1070 3237 ‘decem
1092 3171 1189 3237 libras
1212 3172 1300 3252 auri',
1330 3172 1410 3238 alius
1429 3171 1550 3237 ‘decem
1570 3168 1704 3254 plumbi’
1725 3171 1758 3234 et
1786 3188 1870 3251 quae
1889 3171 1965 3232 sunt
1984 3167 2099 3232 similia
2110 3165 2159 3247 ¹³).
2201 3163 2273 3229 Tri·

525 3269 717 3334 malchionis
747 3269 889 3335 convivis
920 3270 1054 3353 pittacia
1084 3271 1116 3336 in
1145 3271 1267 3354 scypho
1299 3271 1503 3336 circumferre
1533 3270 1670 3335 ministri
1704 3271 1879 3352 coeperunt
1907 3286 2051 3350 puerque
2083 3284 2179 3348 super
2211 3263 2272 3328 hoc

524 3367 647 3450 positus
683 3368 824 3434 osticium
864 3369 1064 3454 apophoreta
1105 3371 1250 3436 recitavit
1260 3369 1309 3453 ¹⁴).
1336 3443 1341 3462 .
1369 3370 1541 3436 Sortitione
1579 3369 1675 3451 igitur
1712 3368 1745 3434 in
1781 3365 1933 3432 sodalicio
1973 3365 2118 3430 instituta
2156 3364 2273 3430 baculo

525 3462 679 3547 fraxineo,
703 3469 790 3552 quod
812 3473 882 3535 erat
901 3490 960 3554 pro
982 3470 1126 3548 donario,
1149 3469 1346 3536 ludibundus
1367 3469 1541 3552 paegnium
1565 3469 1642 3534 illud
1663 3468 1807 3534 Philetas
1828 3465 2014 3532 addiderat:
2044 3465 2130 3530 unde
2150 3483 2272 3530 morem

527 3565 614 3632 illum
649 3569 712 3634 iam
754 3569 842 3653 apud
869 3569 1007 3636 Graecos
1046 3569 1190 3636 floruisse
1227 3574 1371 3654 apparet.
1433 3570 1606 3635 Poetarum
1641 3569 1726 3634 enim
1767 3565 1889 3649 insigne
1918 3566 2079 3630 baculum.
2132 3565 2274 3630 Utuntur

524 3665 726 3734 Stesichorus
746 3673 778 3734 et
800 3670 938 3735 Alcaeus
958 3670 1174 3736 monumentis
1195 3671 1348 3752 expressi,
1370 3669 1605 3752 rhapsodorum
1628 3687 1746 3732 nomen
1768 3667 1860 3750 quia
1882 3665 2006 3748 ῥάβδωι
2028 3663 2229 3742 derivabant,
2251 3665 2271 3727 ii

528 3764 680 3832 baculum
698 3768 878 3852 rhapsodos
903 3775 1043 3852 gestasse
1069 3775 1296 3852 cognoverant.
1340 3770 1434 3834 Adde
1455 3769 1542 3852 quod
1564 3768 1709 3834 Philetae
1738 3766 1864 3832 sodales
1893 3785 1957 3831 non
1980 3765 2077 3828 modo
2100 3767 2136 3828 ut
2157 3768 2272 3847 poetae

524 3865 582 3931 sed
602 3871 638 3932 ut
659 3873 805 3949 pastores
825 3869 987 3953 personati
1009 3869 1221 3935 instrumento
1246 3869 1417 3952 pastoricio
1439 3867 1608 3933 commode
1630 3868 1746 3932 armati
1767 3865 1968 3931 incedebant.

627 3983 794 4050 Rusticum
825 3991 929 4052 rastro
955 3987 1146 4051 instructum
1169 3987 1245 4052 dicit
1273 3985 1435 4067 stupidum
1458 3984 1601 4050 Philetas
1620 3982 1825 4066 (ἀποφώλιον
1846 3982 1930 4047 idem
1953 4000 2021 4046 esse
2042 3999 2081 4046 ac
2101 3979 2274 4060 παράμου-

525 4097 586 4144 noe
606 4087 730 4149 veteres
746 4085 945 4167 iudicabant)
967 4106 1072 4168 neque
1094 4087 1220 4152 urbano
1234 4085 1357 4150 homini
1370 4084 1407 4166 η)
1430 4085 1486 4149 sed
1502 4082 1617 4148 ‘docto’
1631 4087 1758 4148 tantum
1776 4083 1910 4165 opponit
1923 4085 2049 4164 poetae.
2082 4080 2176 4159 Quod
2188 4080 2274 4145 idem

522 4201 589 4247 non
610 4183 708 4250 modo
729 4185 874 4251 Tibullus
896 4185 921 4266 (1
946 4187 994 4264 10,
1013 4188 1050 4252 51
1062 4185 1145 4270 sqq.)
1167 4187 1223 4252 sed
1243 4185 1362 4268 partim
1384 4203 1402 4248 e
1421 4183 1548 4248 Tibullo
1569 4182 1754 4265 Propertius
1774 4181 1812 4262 (ll
1832 4183 1862 4261 5,
1883 4179 2011 4263 25sq.):

916 4305 1066 4370 Rusticus
1087 4303 1163 4370 haec
1183 4303 1302 4389 aliquis
1325 4309 1390 4365 tam
1412 4299 1520 4385 turpio
1536 4300 1665 4385 praetia
1687 4305 1830 4380 quaeret,

997 4405 1088 4468 euius
1109 4424 1172 4468 nee
1194 4402 1328 4466 hederae
1348 4399 1499 4464 circuiere
1521 4405 1625 4480 eaput.

525 4517 633 4581 ἐπέων
663 4517 785 4600 κόσμος
815 4519 986 4586 Soloneum
1018 4521 1103 4598 tint
1137 4518 1195 4600 Β.)
1248 4518 1450 4584 Structuram
1478 4518 1586 4580 autem
1624 4519 1774 4580 curantes
1803 4513 1903 4579 verba
1930 4511 2001 4574 ἀλλ’
2036 4511 2142 4572 ἐπέων
2179 4505 2273 4580 εἰδώς

524 4613 651 4698 κόσμοι·
678 4617 732 4681 aei
762 4618 868 4682 πολλοὶ
895 4619 1038 4704 μογήσας
1067 4620 1188 4701 pleae
1215 4620 1382 4680 παντοίων
1410 4605 1506 4692 οἶμοι·
1534 4613 1753 4693 ἐπιστάμενος
1781 4613 1829 4678 ita
1859 4610 2063 4688 ordinemne,
2101 4613 2137 4675 ut
2167 4607 2273 4672 πολλοὶ

524 4719 669 4802 μογήσας
689 4719 848 4785 rationem
871 4719 1022 4785 collectae
1044 4719 1154 4786 variae
1172 4719 1254 4784 illius
1273 4715 1424 4782 scientiae
1441 4714 1594 4780 tabularis
1612 4713 1736 4792 reddat,
1755 4713 1874 4796 quippe
1894 4729 1979 4794 quae
1994 4709 2099 4775 studio
2118 4713 2150 4775 et
2165 4709 2275 4774 labore

626 4961 835 5031 retemptare
853 4959 985 5016 historiae
1002 4962 1135 5028 augustae
1153 4975 1180 5029 p.
1198 4958 1248 5011 217
1267 4957 1357 5012 Peter.

625 5049 666 5118 11)
690 5045 830 5118 Petronius
847 5065 870 5104 c.
889 5049 931 5103 56.
965 5045 1007 5102 Gi.
1025 5042 1227 5102 Friedlaenderi
1246 5046 1345 5098 notata
1360 5043 1396 5098 ad
1414 5041 1569 5098 Martialem
1588 5042 1613 5096 11
1634 5061 1660 5113 p.
1679 5041 1740 5098 295.
1817 5111 1824 5126 ι

629 5136 672 5202 15)
690 5135 800 5205 Sappho
819 5133 853 5188 ir.
870 5135 905 5190 20
929 5132 965 5189 ud
982 5132 1102 5203 puellam
1121 5149 1139 5186 a
1156 5148 1185 5188 ee
1203 5133 1324 5186 amatam
1344 5129 1379 5186 de
1397 5129 1519 5184 aemula:
1544 5130 1586 5188 τίς
1604 5122 1633 5180 δ’
1653 5122 1803 5198 ἄγροιῶτίς
1822 5143 1865 5180 τοι
1886 5125 1984 5196 θέλγει
2010 5123 2076 5179 νόον
2094 5121 2146 5180 οὐκ
2164 5119 2275 5176 ἐπιστα-

525 5221 599 5294 μένα
617 5217 712 5294 βράκε’
731 5219 814 5292 ἓὶκην
832 5218 878 5275 ἐπὶ
896 5219 1007 5292 σφυρῶν
1013 5239 1023 5286 ,·
